<?xml version="1.0" encoding="UTF-8"?>
<collection xmlns="http://www.loc.gov/MARC21/slim">
   <record>
      <leader>00000nz  a2200000nc 4500</leader>
      <controlfield tag="001">institutions/30000327</controlfield>
      <controlfield tag="003">DE-633</controlfield>
      <controlfield tag="005">20250620051954.0</controlfield>
      <controlfield tag="008">161109||||z|||a|||||||||||||||||n||||||d</controlfield>
      <datafield tag="024" ind1="7" ind2=" ">
         <subfield code="a">128466393</subfield>
         <subfield code="2">VIAF</subfield>
      </datafield>
      <datafield tag="024" ind1="7" ind2=" ">
         <subfield code="a">A-A</subfield>
         <subfield code="q">siglum</subfield>
         <subfield code="2">rism</subfield>
      </datafield>
      <datafield tag="034" ind1="1" ind2=" ">
         <subfield code="d">14.461170</subfield>
         <subfield code="f">47.573964</subfield>
      </datafield>
      <datafield tag="040" ind1=" " ind2=" ">
         <subfield code="a">DE-633</subfield>
         <subfield code="c">DE-633</subfield>
         <subfield code="e">rismg</subfield>
      </datafield>
      <datafield tag="043" ind1=" " ind2=" ">
         <subfield code="c">XA-AT</subfield>
      </datafield>
      <datafield tag="110" ind1="1" ind2=" ">
         <subfield code="a">Benediktinerstift</subfield>
         <subfield code="c">Admont</subfield>
         <subfield code="g">A-A</subfield>
      </datafield>
      <datafield tag="368" ind1=" " ind2=" ">
         <subfield code="a">Institution</subfield>
         <subfield code="a">Library</subfield>
      </datafield>
      <datafield tag="371" ind1=" " ind2=" ">
         <subfield code="a">Benediktinerstift</subfield>
         <subfield code="b">Admont 1</subfield>
         <subfield code="c">Steiermark</subfield>
         <subfield code="d">Austria</subfield>
         <subfield code="e">8911</subfield>
         <subfield code="m">archiv@stiftadmont.at</subfield>
         <subfield code="m">bibliothek@stiftadmont.at</subfield>
         <subfield code="u">http://www.stiftadmont.at/bibliothek/</subfield>
         <subfield code="z">tel: +43 / (0)3613 / 2312-602</subfield>
         <subfield code="z">tel: +43 / (0)3613 / 2312-603</subfield>
      </datafield>
      <datafield tag="551" ind1="1" ind2=" ">
         <subfield code="a">Admont</subfield>
         <subfield code="0">places/3900398</subfield>
      </datafield>
      <datafield tag="667" ind1=" " ind2=" ">
         <subfield code="a">Published sources: 1809</subfield>
      </datafield>
   </record>