
   <record>
      <leader>00000nz  a2200000nc 4500</leader>
      <controlfield tag="001">institutions/30076015</controlfield>
      <controlfield tag="003">DE-633</controlfield>
      <controlfield tag="005">20250620052108.0</controlfield>
      <controlfield tag="008">161109||||z|||a|||||||||||||||||n||||||d</controlfield>
      <datafield tag="024" ind1="7" ind2=" ">
         <subfield code="a">A-ALT</subfield>
         <subfield code="q">siglum</subfield>
         <subfield code="2">rism</subfield>
      </datafield>
      <datafield tag="034" ind1="1" ind2=" ">
         <subfield code="d">13.76511273772807</subfield>
         <subfield code="f">47.901298358693</subfield>
      </datafield>
      <datafield tag="040" ind1=" " ind2=" ">
         <subfield code="a">DE-633</subfield>
         <subfield code="c">DE-633</subfield>
         <subfield code="e">rismg</subfield>
      </datafield>
      <datafield tag="043" ind1=" " ind2=" ">
         <subfield code="c">XA-AT</subfield>
      </datafield>
      <datafield tag="110" ind1="1" ind2=" ">
         <subfield code="a">Pfarre Altmünster - Historisches Notenarchiv</subfield>
         <subfield code="c">Altmünster</subfield>
         <subfield code="g">A-ALT</subfield>
      </datafield>
      <datafield tag="368" ind1=" " ind2=" ">
         <subfield code="a">Institution</subfield>
         <subfield code="a">Archive</subfield>
         <subfield code="a">Library</subfield>
      </datafield>
      <datafield tag="371" ind1=" " ind2=" ">
         <subfield code="a">Münsterstraße 1</subfield>
         <subfield code="b">Altmünster</subfield>
         <subfield code="c">Oberösterreich</subfield>
         <subfield code="d">Austria</subfield>
         <subfield code="e">4813</subfield>
         <subfield code="m">pfarre.altmuenster@dioezese-linz.at</subfield>
         <subfield code="u">https://www.dioezese-linz.at/altmuenster</subfield>
         <subfield code="z">tel: +43 / 07612 / 87130</subfield>
         <subfield code="z">fax: +43 / 07612 / 87397</subfield>
      </datafield>
      <datafield tag="410" ind1=" " ind2=" ">
         <subfield code="a">Katholische Pfarrkirche - Historisches Notenarchiv</subfield>
      </datafield>
      <datafield tag="551" ind1="1" ind2=" ">
         <subfield code="a">Altmünster</subfield>
         <subfield code="0">places/3905205</subfield>
      </datafield>
      <datafield tag="667" ind1=" " ind2=" ">
         <subfield code="a">Published sources: 8</subfield>
      </datafield>
   </record>