
   <record>
      <leader>00000nz  a2200000nc 4500</leader>
      <controlfield tag="001">institutions/51003847</controlfield>
      <controlfield tag="003">DE-633</controlfield>
      <controlfield tag="005">20250620052252.0</controlfield>
      <controlfield tag="008">200401||||z|||a|||||||||||||||||n||||||d</controlfield>
      <datafield tag="024" ind1="7" ind2=" ">
         <subfield code="a">A-ASP</subfield>
         <subfield code="q">siglum</subfield>
         <subfield code="2">rism</subfield>
      </datafield>
      <datafield tag="034" ind1="1" ind2=" ">
         <subfield code="d">13.305105</subfield>
         <subfield code="f">48.185348</subfield>
      </datafield>
      <datafield tag="040" ind1=" " ind2=" ">
         <subfield code="a">DE-633</subfield>
         <subfield code="c">DE-633</subfield>
         <subfield code="e">rismg</subfield>
      </datafield>
      <datafield tag="043" ind1=" " ind2=" ">
         <subfield code="c">XA-AT</subfield>
      </datafield>
      <datafield tag="110" ind1="1" ind2=" ">
         <subfield code="a">Pfarre Aspach Pfarrchiv, Musikarchiv</subfield>
         <subfield code="c">Aspach</subfield>
         <subfield code="g">A-ASP</subfield>
      </datafield>
      <datafield tag="368" ind1=" " ind2=" ">
         <subfield code="a">Institution</subfield>
         <subfield code="a">Library</subfield>
         <subfield code="a">Archive</subfield>
      </datafield>
      <datafield tag="371" ind1=" " ind2=" ">
         <subfield code="a">Marktplatz 1</subfield>
         <subfield code="b">Aspach</subfield>
         <subfield code="c">Oberösterreich</subfield>
         <subfield code="d">Austria</subfield>
         <subfield code="e">5252</subfield>
         <subfield code="m">pfarre.aspach@dioezese-linz.at</subfield>
         <subfield code="u">https://www.dioezese-linz.at/pfarre/4026</subfield>
         <subfield code="z">tel: +43 / 07755 / 7316-0</subfield>
      </datafield>
      <datafield tag="551" ind1="1" ind2=" ">
         <subfield code="a">Aspach</subfield>
         <subfield code="0">places/50004332</subfield>
      </datafield>
      <datafield tag="667" ind1=" " ind2=" ">
         <subfield code="a">Published sources: 145</subfield>
      </datafield>
   </record>