
   <record>
      <leader>00000nz  a2200000nc 4500</leader>
      <controlfield tag="001">institutions/51000579</controlfield>
      <controlfield tag="003">DE-633</controlfield>
      <controlfield tag="005">20250620052238.0</controlfield>
      <controlfield tag="008">180108||||z|||a|||||||||||||||||n||||||d</controlfield>
      <datafield tag="024" ind1="7" ind2=" ">
         <subfield code="a">157237243</subfield>
         <subfield code="2">VIAF</subfield>
      </datafield>
      <datafield tag="024" ind1="7" ind2=" ">
         <subfield code="a">A-BGm</subfield>
         <subfield code="q">siglum</subfield>
         <subfield code="2">rism</subfield>
      </datafield>
      <datafield tag="034" ind1="1" ind2=" ">
         <subfield code="d">13.134155</subfield>
         <subfield code="f">47.115116</subfield>
      </datafield>
      <datafield tag="040" ind1=" " ind2=" ">
         <subfield code="a">DE-633</subfield>
         <subfield code="c">DE-633</subfield>
         <subfield code="e">rismg</subfield>
      </datafield>
      <datafield tag="043" ind1=" " ind2=" ">
         <subfield code="c">XA-AT</subfield>
      </datafield>
      <datafield tag="110" ind1="1" ind2=" ">
         <subfield code="a">Gasteiner Museum</subfield>
         <subfield code="c">Bad Gastein</subfield>
         <subfield code="g">A-BGm</subfield>
      </datafield>
      <datafield tag="368" ind1=" " ind2=" ">
         <subfield code="a">Institution</subfield>
         <subfield code="a">Library</subfield>
         <subfield code="a">Other</subfield>
      </datafield>
      <datafield tag="371" ind1=" " ind2=" ">
         <subfield code="a">Grand Hotel de l'Europe</subfield>
         <subfield code="a">Kaiser Franz Josef Straße 14</subfield>
         <subfield code="b">Bad Gastein</subfield>
         <subfield code="c">Salzburg</subfield>
         <subfield code="d">Austria</subfield>
         <subfield code="e">5640</subfield>
         <subfield code="m">gasteinermuseum@sbg.at</subfield>
         <subfield code="u">https://www.gasteinermuseum.com/</subfield>
         <subfield code="z">tel: +43 / (0)6434 / 3488</subfield>
         <subfield code="z">fax: +43 / (0)6434 / 3488</subfield>
      </datafield>
      <datafield tag="551" ind1="1" ind2=" ">
         <subfield code="a">Bad Gastein</subfield>
         <subfield code="0">places/941</subfield>
      </datafield>
   </record>