
   <record>
      <leader>00000nz  a2200000nc 4500</leader>
      <controlfield tag="001">institutions/30075952</controlfield>
      <controlfield tag="003">DE-633</controlfield>
      <controlfield tag="005">20250620052108.0</controlfield>
      <controlfield tag="008">161109||||z|||a|||||||||||||||||n||||||d</controlfield>
      <datafield tag="024" ind1="7" ind2=" ">
         <subfield code="a">A-BRb</subfield>
         <subfield code="q">siglum</subfield>
         <subfield code="2">rism</subfield>
      </datafield>
      <datafield tag="034" ind1="2" ind2=" ">
         <subfield code="d">9.7452841</subfield>
         <subfield code="f">47.4937772</subfield>
      </datafield>
      <datafield tag="040" ind1=" " ind2=" ">
         <subfield code="a">DE-633</subfield>
         <subfield code="c">DE-633</subfield>
         <subfield code="e">rismg</subfield>
      </datafield>
      <datafield tag="043" ind1=" " ind2=" ">
         <subfield code="c">XA-AT</subfield>
      </datafield>
      <datafield tag="110" ind1="2" ind2=" ">
         <subfield code="a">Vorarlberger Landesbibliothek</subfield>
         <subfield code="c">Bregenz</subfield>
         <subfield code="g">A-BRb</subfield>
      </datafield>
      <datafield tag="368" ind1=" " ind2=" ">
         <subfield code="a">Library</subfield>
      </datafield>
      <datafield tag="368" ind1=" " ind2=" ">
         <subfield code="a">Institution</subfield>
      </datafield>
      <datafield tag="371" ind1=" " ind2=" ">
         <subfield code="a">Vorarlberger Landesbibliothek, Fluherstr. 4, 6900 Bregenz, Austria</subfield>
         <subfield code="u">http://www.vorarlberg.at/vlb/</subfield>
      </datafield>
      <datafield tag="551" ind1=" " ind2=" ">
         <subfield code="a">Bregenz</subfield>
         <subfield code="0">places/3902469</subfield>
      </datafield>
   </record>