
   <record>
      <leader>00000nz  a2200000nc 4500</leader>
      <controlfield tag="001">institutions/51001587</controlfield>
      <controlfield tag="003">DE-633</controlfield>
      <controlfield tag="005">20250620052239.0</controlfield>
      <controlfield tag="008">180504||||z|||a|||||||||||||||||n||||||d</controlfield>
      <datafield tag="024" ind1="7" ind2=" ">
         <subfield code="a">208729301</subfield>
         <subfield code="2">VIAF</subfield>
      </datafield>
      <datafield tag="024" ind1="7" ind2=" ">
         <subfield code="a">A-FOea</subfield>
         <subfield code="q">siglum</subfield>
         <subfield code="2">rism</subfield>
      </datafield>
      <datafield tag="034" ind1="1" ind2=" ">
         <subfield code="d">16.330384</subfield>
         <subfield code="f">47.709996</subfield>
      </datafield>
      <datafield tag="040" ind1=" " ind2=" ">
         <subfield code="a">DE-633</subfield>
         <subfield code="c">DE-633</subfield>
         <subfield code="e">rismg</subfield>
      </datafield>
      <datafield tag="043" ind1=" " ind2=" ">
         <subfield code="c">XA-AT</subfield>
      </datafield>
      <datafield tag="110" ind1="1" ind2=" ">
         <subfield code="a">Burg Forchtenstein - Esterházy-Archiv</subfield>
         <subfield code="c">Forchtenstein</subfield>
         <subfield code="g">A-FOea</subfield>
      </datafield>
      <datafield tag="368" ind1=" " ind2=" ">
         <subfield code="a">Institution</subfield>
         <subfield code="a">Library</subfield>
         <subfield code="a">Archive</subfield>
      </datafield>
      <datafield tag="371" ind1=" " ind2=" ">
         <subfield code="a">Melinda-Esterházy-Platz 1</subfield>
         <subfield code="b">Forchtenstein</subfield>
         <subfield code="c">Burgenland</subfield>
         <subfield code="d">Austria</subfield>
         <subfield code="e">7212</subfield>
         <subfield code="m">burg-forchtenstein@esterhazy.at</subfield>
         <subfield code="u">https://esterhazy.at/de/burgforchtenstein/680046/Das-Archiv-der-Burg?from=suche.intern.portal</subfield>
         <subfield code="z">tel: +43 / (0)2626 / 812 12</subfield>
      </datafield>
      <datafield tag="551" ind1="1" ind2=" ">
         <subfield code="a">Forchtenstein</subfield>
         <subfield code="0">places/4000070</subfield>
      </datafield>
      <datafield tag="680" ind1="1" ind2=" ">
         <subfield code="a">Auf Burg Forchtenstein befindet sich ein Teil des Esterházy-Archivs. Die hier aufbewahrten Archivalien dokumentieren in erster Linie die wirtschaftlichen Angelegenheiten der Familie Esterházy.</subfield>
      </datafield>
   </record>