
   <record>
      <leader>00000nz  a2200000nc 4500</leader>
      <controlfield tag="001">institutions/51007453</controlfield>
      <controlfield tag="003">DE-633</controlfield>
      <controlfield tag="005">20250620052315.0</controlfield>
      <controlfield tag="008">231016||||z|||a|||||||||||||||||n||||||d</controlfield>
      <datafield tag="024" ind1="7" ind2=" ">
         <subfield code="a">7842155919125439730000</subfield>
         <subfield code="2">VIAF</subfield>
      </datafield>
      <datafield tag="024" ind1="7" ind2=" ">
         <subfield code="a">118699827X</subfield>
         <subfield code="2">DNB</subfield>
      </datafield>
      <datafield tag="024" ind1="7" ind2=" ">
         <subfield code="a">Q1257522</subfield>
         <subfield code="2">WKP</subfield>
      </datafield>
      <datafield tag="024" ind1="7" ind2=" ">
         <subfield code="a">A-HALNsnm</subfield>
         <subfield code="q">siglum</subfield>
         <subfield code="2">rism</subfield>
      </datafield>
      <datafield tag="034" ind1="1" ind2=" ">
         <subfield code="d">13.091703766941151</subfield>
         <subfield code="f">47.68074182894948</subfield>
      </datafield>
      <datafield tag="040" ind1=" " ind2=" ">
         <subfield code="a">DE-633</subfield>
         <subfield code="c">DE-633</subfield>
         <subfield code="e">rismg</subfield>
      </datafield>
      <datafield tag="043" ind1=" " ind2=" ">
         <subfield code="c">XA-AT</subfield>
      </datafield>
      <datafield tag="110" ind1="1" ind2=" ">
         <subfield code="a">Stille Nacht Museum Hallein - Archiv</subfield>
         <subfield code="c">Hallein</subfield>
         <subfield code="g">A-HALNsnm</subfield>
      </datafield>
      <datafield tag="368" ind1=" " ind2=" ">
         <subfield code="a">Institution</subfield>
         <subfield code="a">Library</subfield>
         <subfield code="a">Archive</subfield>
      </datafield>
      <datafield tag="371" ind1=" " ind2=" ">
         <subfield code="a">Franz-Xaver-Gruber-Platz 1</subfield>
         <subfield code="b">5400 Hallein</subfield>
         <subfield code="c">Land Salzburg</subfield>
         <subfield code="d">Austria</subfield>
         <subfield code="m">stillenachtmuseum@hallein.gv.at</subfield>
         <subfield code="u">https://www.keltenmuseum.at/index.php?id=2134</subfield>
         <subfield code="z">tel: +43 / (0)6245 / 80 783-30</subfield>
      </datafield>
      <datafield tag="551" ind1="1" ind2=" ">
         <subfield code="a">Hallein</subfield>
         <subfield code="0">places/3012279</subfield>
      </datafield>
      <datafield tag="667" ind1=" " ind2=" ">
         <subfield code="a">Published sources: 55</subfield>
      </datafield>
      <datafield tag="700" ind1="1" ind2=" ">
         <subfield code="a">Gruber, Franz Xaver</subfield>
         <subfield code="d">1787-1863</subfield>
         <subfield code="0">people/89392</subfield>
         <subfield code="4">asn</subfield>
      </datafield>
      <datafield tag="710" ind1="1" ind2=" ">
         <subfield code="a">Stadtpfarrkirche Hallein - Archiv</subfield>
         <subfield code="0">institutions/51007452</subfield>
      </datafield>
      <datafield tag="710" ind1="1" ind2=" ">
         <subfield code="a">Archiv der Erzdiözese Salzburg - Musiksammlung</subfield>
         <subfield code="0">institutions/30061093</subfield>
      </datafield>
   </record>