
   <record>
      <leader>00000nz  a2200000nc 4500</leader>
      <controlfield tag="001">institutions/51000136</controlfield>
      <controlfield tag="003">DE-633</controlfield>
      <controlfield tag="005">20250620052235.0</controlfield>
      <controlfield tag="008">170127||||z|||a|||||||||||||||||n||||||d</controlfield>
      <datafield tag="024" ind1="7" ind2=" ">
         <subfield code="a">172808607</subfield>
         <subfield code="2">VIAF</subfield>
      </datafield>
      <datafield tag="024" ind1="7" ind2=" ">
         <subfield code="a">A-HALstm</subfield>
         <subfield code="q">siglum</subfield>
         <subfield code="2">rism</subfield>
      </datafield>
      <datafield tag="034" ind1="1" ind2=" ">
         <subfield code="d">11.507181</subfield>
         <subfield code="f">47.279692</subfield>
      </datafield>
      <datafield tag="040" ind1=" " ind2=" ">
         <subfield code="a">DE-633</subfield>
         <subfield code="c">DE-633</subfield>
         <subfield code="e">rismg</subfield>
      </datafield>
      <datafield tag="043" ind1=" " ind2=" ">
         <subfield code="c">XA-AT</subfield>
      </datafield>
      <datafield tag="110" ind1="1" ind2=" ">
         <subfield code="a">Stadtmuseum Hall, Waldauf‘sche Stiftung</subfield>
         <subfield code="c">Hall in Tirol</subfield>
         <subfield code="g">A-HALstm</subfield>
      </datafield>
      <datafield tag="368" ind1=" " ind2=" ">
         <subfield code="a">Institution</subfield>
         <subfield code="a">Library</subfield>
      </datafield>
      <datafield tag="371" ind1=" " ind2=" ">
         <subfield code="a">Stadtamt / Stadtmuseum</subfield>
         <subfield code="a">z. H. Mag. Sonja Fabian</subfield>
         <subfield code="a">Oberer Stadtplatz 1-2</subfield>
         <subfield code="b">Hall in Tirol</subfield>
         <subfield code="c">Tirol</subfield>
         <subfield code="d">Austria</subfield>
         <subfield code="e">6060</subfield>
         <subfield code="m">stadtmuseum@stadthall.at</subfield>
         <subfield code="u">https://stadtmuseumhall.at/</subfield>
         <subfield code="z"/>
         <subfield code="z">tel: +43 / (0)5223 / 5845-244</subfield>
         <subfield code="z">fax: +43 / (0)676 / 835 845 244</subfield>
         <subfield code="z">Burg Hasegg. Eingang gegenüber Münze Hall</subfield>
      </datafield>
      <datafield tag="551" ind1="1" ind2=" ">
         <subfield code="a">Hall in Tirol</subfield>
         <subfield code="0">places/3902896</subfield>
      </datafield>
   </record>