
   <record>
      <leader>00000nz  a2200000nc 4500</leader>
      <controlfield tag="001">institutions/51002663</controlfield>
      <controlfield tag="003">DE-633</controlfield>
      <controlfield tag="005">20250620052246.0</controlfield>
      <controlfield tag="008">190206||||z|||a|||||||||||||||||n||||||d</controlfield>
      <datafield tag="024" ind1="7" ind2=" ">
         <subfield code="a">A-HÖ</subfield>
         <subfield code="q">siglum</subfield>
         <subfield code="2">rism</subfield>
      </datafield>
      <datafield tag="034" ind1="1" ind2=" ">
         <subfield code="d">14.300341</subfield>
         <subfield code="f">48.432027</subfield>
      </datafield>
      <datafield tag="040" ind1=" " ind2=" ">
         <subfield code="a">DE-633</subfield>
         <subfield code="c">DE-633</subfield>
         <subfield code="e">rismg</subfield>
      </datafield>
      <datafield tag="043" ind1=" " ind2=" ">
         <subfield code="c">XA-AT</subfield>
      </datafield>
      <datafield tag="110" ind1="1" ind2=" ">
         <subfield code="a">Pfarre Hellmonsödt, Archiv</subfield>
         <subfield code="c">Hellmonsödt</subfield>
         <subfield code="g">A-HÖ</subfield>
      </datafield>
      <datafield tag="368" ind1=" " ind2=" ">
         <subfield code="a">Institution</subfield>
         <subfield code="a">Library</subfield>
         <subfield code="a">Archive</subfield>
      </datafield>
      <datafield tag="371" ind1=" " ind2=" ">
         <subfield code="a">Marktplatz 14</subfield>
         <subfield code="b">Hellmonsödt</subfield>
         <subfield code="c">Oberösterreich</subfield>
         <subfield code="d">Österreich</subfield>
         <subfield code="e">4202</subfield>
         <subfield code="u">http://pfarre-hellmonsoedt.at/</subfield>
      </datafield>
      <datafield tag="551" ind1="1" ind2=" ">
         <subfield code="a">Hellmonsödt</subfield>
         <subfield code="0">places/4000122</subfield>
      </datafield>
      <datafield tag="667" ind1=" " ind2=" ">
         <subfield code="a">Published sources: 29</subfield>
      </datafield>
      <datafield tag="680" ind1="1" ind2=" ">
         <subfield code="a">Im Notenbestand befinden sich u. a. auch Autographe von Matthias Pernsteiner, darunter eine Reihe von Unikaten. Er war dort in den 10er und 20er Jahren des 19. Jhs. Organist.</subfield>
      </datafield>
      <datafield tag="680" ind1="1" ind2=" ">
         <subfield code="a">Pfarre Hellmonsödt gehört zum Dekanat Gallneukirchen Ost.</subfield>
      </datafield>
   </record>