
   <record>
      <leader>00000nz  a2200000nc 4500</leader>
      <controlfield tag="001">institutions/51000476</controlfield>
      <controlfield tag="003">DE-633</controlfield>
      <controlfield tag="005">20250620052237.0</controlfield>
      <controlfield tag="008">171016||||z|||a|||||||||||||||||n||||||d</controlfield>
      <datafield tag="024" ind1="7" ind2=" ">
         <subfield code="a">Q1813586</subfield>
         <subfield code="2">WKP</subfield>
      </datafield>
      <datafield tag="024" ind1="7" ind2=" ">
         <subfield code="a">A-ISCHlv</subfield>
         <subfield code="q">siglum</subfield>
         <subfield code="2">rism</subfield>
      </datafield>
      <datafield tag="034" ind1="1" ind2=" ">
         <subfield code="d">13.622135588132377</subfield>
         <subfield code="f">47.70957610222281</subfield>
      </datafield>
      <datafield tag="040" ind1=" " ind2=" ">
         <subfield code="a">DE-633</subfield>
         <subfield code="c">DE-633</subfield>
         <subfield code="e">rismg</subfield>
      </datafield>
      <datafield tag="043" ind1=" " ind2=" ">
         <subfield code="c">XA-AT</subfield>
      </datafield>
      <datafield tag="110" ind1="1" ind2=" ">
         <subfield code="a">Lehár-Villa</subfield>
         <subfield code="c">Bad Ischl</subfield>
         <subfield code="g">A-ISCHlv</subfield>
      </datafield>
      <datafield tag="368" ind1=" " ind2=" ">
         <subfield code="a">Institution</subfield>
         <subfield code="a">Library</subfield>
         <subfield code="a">Museum</subfield>
      </datafield>
      <datafield tag="371" ind1=" " ind2=" ">
         <subfield code="a">Interim Museum der Stadt Bad Ischl</subfield>
         <subfield code="a">Esplanade 10</subfield>
         <subfield code="b">Bad Ischl</subfield>
         <subfield code="c">Oberösterreich</subfield>
         <subfield code="d">Austria</subfield>
         <subfield code="e">4820</subfield>
         <subfield code="m">info@stadtmuseum.at</subfield>
         <subfield code="u">https://www.stadtmuseum.at/</subfield>
         <subfield code="z">tel: +43 / (0)6132 / 25476</subfield>
         <subfield code="z">fax: +43 / (0)6132 / 301-72</subfield>
      </datafield>
      <datafield tag="371" ind1=" " ind2=" ">
         <subfield code="a">Lehár-Villa</subfield>
         <subfield code="a">Franz-Lehar-Kai 8</subfield>
         <subfield code="b">Bad Ischl</subfield>
         <subfield code="c">Oberösterreich</subfield>
         <subfield code="d">Austria</subfield>
         <subfield code="e">4820</subfield>
         <subfield code="u">http://leharvilla.at/hg_leharvilla.php</subfield>
         <subfield code="z">tel: +43 / (0)6132 / 25476</subfield>
      </datafield>
      <datafield tag="551" ind1="1" ind2=" ">
         <subfield code="a">Bad Ischl</subfield>
         <subfield code="0">places/3905504</subfield>
      </datafield>
      <datafield tag="667" ind1=" " ind2=" ">
         <subfield code="a">Published sources: 665</subfield>
      </datafield>
      <datafield tag="680" ind1="1" ind2=" ">
         <subfield code="a">Die Lehár-Villa am Franz-Lehar-Kai wird zur Zeit saniert. Die Musikquellen wurden deshalb in das Stadmuseum Bad Ischl ausgelagert.</subfield>
      </datafield>
   </record>