
   <record>
      <leader>00000nz  a2200000nc 4500</leader>
      <controlfield tag="001">institutions/51000477</controlfield>
      <controlfield tag="003">DE-633</controlfield>
      <controlfield tag="005">20250620052237.0</controlfield>
      <controlfield tag="008">171016||||z|||a|||||||||||||||||n||||||d</controlfield>
      <datafield tag="024" ind1="7" ind2=" ">
         <subfield code="a">A-ISCHsta</subfield>
         <subfield code="q">siglum</subfield>
         <subfield code="2">rism</subfield>
      </datafield>
      <datafield tag="034" ind1="1" ind2=" ">
         <subfield code="d">13.622011</subfield>
         <subfield code="f">47.711042</subfield>
      </datafield>
      <datafield tag="040" ind1=" " ind2=" ">
         <subfield code="a">DE-633</subfield>
         <subfield code="c">DE-633</subfield>
         <subfield code="e">rismg</subfield>
      </datafield>
      <datafield tag="043" ind1=" " ind2=" ">
         <subfield code="c">XA-AT</subfield>
      </datafield>
      <datafield tag="110" ind1="1" ind2=" ">
         <subfield code="a">Stadtamt</subfield>
         <subfield code="c">Bad Ischl</subfield>
         <subfield code="g">A-ISCHsta</subfield>
      </datafield>
      <datafield tag="368" ind1=" " ind2=" ">
         <subfield code="a">Institution</subfield>
         <subfield code="a">Library</subfield>
         <subfield code="a">Other</subfield>
      </datafield>
      <datafield tag="371" ind1=" " ind2=" ">
         <subfield code="a">Pfarrgasse 11</subfield>
         <subfield code="b">Bad Ischl</subfield>
         <subfield code="c">Oberösterreich</subfield>
         <subfield code="d">Austria</subfield>
         <subfield code="e">4820</subfield>
         <subfield code="m">info@stadtamt-badischl.at</subfield>
         <subfield code="u">http://www.bad-ischl.ooe.gv.at/</subfield>
         <subfield code="z">tel: +43 / (0)6132 / 301-0</subfield>
      </datafield>
      <datafield tag="551" ind1="1" ind2=" ">
         <subfield code="a">Bad Ischl</subfield>
         <subfield code="0">places/3905504</subfield>
      </datafield>
      <datafield tag="667" ind1=" " ind2=" ">
         <subfield code="a">Published sources: 107</subfield>
      </datafield>
   </record>