
   <record>
      <leader>00000nz  a2200000nc 4500</leader>
      <controlfield tag="001">institutions/51005135</controlfield>
      <controlfield tag="003">DE-633</controlfield>
      <controlfield tag="005">20250620052300.0</controlfield>
      <controlfield tag="008">210503||||z|||a|||||||||||||||||n||||||d</controlfield>
      <datafield tag="024" ind1="7" ind2=" ">
         <subfield code="a">135247248</subfield>
         <subfield code="2">VIAF</subfield>
      </datafield>
      <datafield tag="024" ind1="7" ind2=" ">
         <subfield code="a">A-KSeki</subfield>
         <subfield code="q">siglum</subfield>
         <subfield code="2">rism</subfield>
      </datafield>
      <datafield tag="034" ind1="1" ind2=" ">
         <subfield code="d">15.585626196741732</subfield>
         <subfield code="f">48.40802963011696</subfield>
      </datafield>
      <datafield tag="040" ind1=" " ind2=" ">
         <subfield code="a">DE-633</subfield>
         <subfield code="c">DE-633</subfield>
         <subfield code="e">rismg</subfield>
      </datafield>
      <datafield tag="043" ind1=" " ind2=" ">
         <subfield code="c">XA-AT</subfield>
      </datafield>
      <datafield tag="110" ind1="1" ind2=" ">
         <subfield code="a">Ernst-Krenek-Institut-Privatstiftung</subfield>
         <subfield code="c">Krems an der Donau</subfield>
         <subfield code="g">A-KSeki</subfield>
      </datafield>
      <datafield tag="368" ind1=" " ind2=" ">
         <subfield code="a">Institution</subfield>
         <subfield code="a">Library</subfield>
         <subfield code="a">Archive</subfield>
      </datafield>
      <datafield tag="371" ind1=" " ind2=" ">
         <subfield code="a">Campus Krems, Trakt K</subfield>
         <subfield code="a">Dr. Karl Dorrek Straße 30</subfield>
         <subfield code="b">Krems an der Donau</subfield>
         <subfield code="c">Niederösterreich</subfield>
         <subfield code="d">Austria</subfield>
         <subfield code="e">3500</subfield>
         <subfield code="m">office@krenek.com</subfield>
         <subfield code="u">https://www.krenek.at/archiv</subfield>
         <subfield code="z">contact: Clemens Zoidl</subfield>
         <subfield code="z">tel: +43 / 660 / 3053378</subfield>
      </datafield>
      <datafield tag="551" ind1="1" ind2=" ">
         <subfield code="a">Krems an der Donau</subfield>
         <subfield code="0">places/3904766</subfield>
      </datafield>
   </record>