
   <record>
      <leader>00000nz  a2200000nc 4500</leader>
      <controlfield tag="001">institutions/51000115</controlfield>
      <controlfield tag="003">DE-633</controlfield>
      <controlfield tag="005">20250620052234.0</controlfield>
      <controlfield tag="008">170126||||z|||a|||||||||||||||||n||||||d</controlfield>
      <datafield tag="024" ind1="7" ind2=" ">
         <subfield code="a">AT-HBTL</subfield>
         <subfield code="2">ISIL</subfield>
      </datafield>
      <datafield tag="024" ind1="7" ind2=" ">
         <subfield code="a">153954666</subfield>
         <subfield code="2">VIAF</subfield>
      </datafield>
      <datafield tag="024" ind1="7" ind2=" ">
         <subfield code="a">A-LIkpu</subfield>
         <subfield code="q">siglum</subfield>
         <subfield code="2">rism</subfield>
      </datafield>
      <datafield tag="034" ind1="1" ind2=" ">
         <subfield code="d">14.291620</subfield>
         <subfield code="f">48.303620</subfield>
      </datafield>
      <datafield tag="040" ind1=" " ind2=" ">
         <subfield code="a">DE-633</subfield>
         <subfield code="c">DE-633</subfield>
         <subfield code="e">rismg</subfield>
      </datafield>
      <datafield tag="043" ind1=" " ind2=" ">
         <subfield code="c">XA-AT</subfield>
      </datafield>
      <datafield tag="110" ind1="1" ind2=" ">
         <subfield code="a">Diözesan- und Universitätsbibliothek (DUB) der Katholischen Privat-Universität Linz</subfield>
         <subfield code="c">Linz</subfield>
         <subfield code="g">A-LIkpu</subfield>
      </datafield>
      <datafield tag="368" ind1=" " ind2=" ">
         <subfield code="a">Institution</subfield>
         <subfield code="a">Library</subfield>
      </datafield>
      <datafield tag="371" ind1=" " ind2=" ">
         <subfield code="a">Bethlehemstraße 20</subfield>
         <subfield code="b">Linz</subfield>
         <subfield code="c">Oberösterreich</subfield>
         <subfield code="d">Austria</subfield>
         <subfield code="e">4020</subfield>
         <subfield code="m">bibliothek@ku-linz.at</subfield>
         <subfield code="u">http://ku-linz.at/bibliothek/</subfield>
         <subfield code="z">tel: +43 / (0)732 / 784293-4129</subfield>
         <subfield code="z">fax: +43 / (0)732 / 784293-4155</subfield>
      </datafield>
      <datafield tag="551" ind1="1" ind2=" ">
         <subfield code="a">Linz</subfield>
         <subfield code="0">places/3900355</subfield>
      </datafield>
   </record>