
   <record>
      <leader>00000nz  a2200000nc 4500</leader>
      <controlfield tag="001">institutions/30081095</controlfield>
      <controlfield tag="003">DE-633</controlfield>
      <controlfield tag="005">20250620052135.0</controlfield>
      <controlfield tag="008">161109||||z|||a|||||||||||||||||n||||||d</controlfield>
      <datafield tag="024" ind1="7" ind2=" ">
         <subfield code="a">A-LIspu</subfield>
         <subfield code="q">siglum</subfield>
         <subfield code="2">rism</subfield>
      </datafield>
      <datafield tag="034" ind1="1" ind2=" ">
         <subfield code="d">14.285581374627279</subfield>
         <subfield code="f">48.31118749486503</subfield>
      </datafield>
      <datafield tag="040" ind1=" " ind2=" ">
         <subfield code="a">DE-633</subfield>
         <subfield code="c">DE-633</subfield>
         <subfield code="e">rismg</subfield>
      </datafield>
      <datafield tag="043" ind1=" " ind2=" ">
         <subfield code="c">XA-AT</subfield>
      </datafield>
      <datafield tag="110" ind1="1" ind2=" ">
         <subfield code="a">Stadtpfarre Urfahr, Musikarchiv</subfield>
         <subfield code="c">Linz</subfield>
         <subfield code="g">A-LIspu</subfield>
      </datafield>
      <datafield tag="368" ind1=" " ind2=" ">
         <subfield code="a">Institution</subfield>
         <subfield code="a">Library</subfield>
         <subfield code="a">Archive</subfield>
      </datafield>
      <datafield tag="371" ind1=" " ind2=" ">
         <subfield code="a">Schulstraße 2</subfield>
         <subfield code="b">4040 Linz</subfield>
         <subfield code="c">Oberösterreich</subfield>
         <subfield code="d">Österreich</subfield>
         <subfield code="m">stadtpfarre.urfahr@dioezese-linz.at</subfield>
         <subfield code="u">https://www.stadtpfarre-urfahr.at</subfield>
         <subfield code="z">tel: +43 / (0)732 / 731095</subfield>
         <subfield code="z">fax: +43 / (0)732 / 731095-33</subfield>
      </datafield>
      <datafield tag="410" ind1=" " ind2=" ">
         <subfield code="a">Pfarrgemeinde Urfahr-St. Josef</subfield>
      </datafield>
      <datafield tag="551" ind1="1" ind2=" ">
         <subfield code="a">Linz</subfield>
         <subfield code="0">places/3900355</subfield>
      </datafield>
      <datafield tag="680" ind1="1" ind2=" ">
         <subfield code="a">Teilbestände befinden sich als Depositum in A-LIda.</subfield>
      </datafield>
   </record>