
   <record>
      <leader>00000nz  a2200000nc 4500</leader>
      <controlfield tag="001">institutions/30000359</controlfield>
      <controlfield tag="003">DE-633</controlfield>
      <controlfield tag="005">20250620051955.0</controlfield>
      <controlfield tag="008">161109||||z|||a|||||||||||||||||n||||||d</controlfield>
      <datafield tag="024" ind1="7" ind2=" ">
         <subfield code="a">A-M</subfield>
         <subfield code="q">siglum</subfield>
         <subfield code="2">rism</subfield>
      </datafield>
      <datafield tag="034" ind1="1" ind2=" ">
         <subfield code="d">15.3351902</subfield>
         <subfield code="f">48.2280994</subfield>
      </datafield>
      <datafield tag="040" ind1=" " ind2=" ">
         <subfield code="a">DE-633</subfield>
         <subfield code="c">DE-633</subfield>
         <subfield code="e">rismg</subfield>
      </datafield>
      <datafield tag="043" ind1=" " ind2=" ">
         <subfield code="c">XA-AT</subfield>
      </datafield>
      <datafield tag="110" ind1="1" ind2=" ">
         <subfield code="a">Benediktinerstift, Stiftsbibliothek und Musikarchiv</subfield>
         <subfield code="c">Melk</subfield>
         <subfield code="g">A-M</subfield>
      </datafield>
      <datafield tag="368" ind1=" " ind2=" ">
         <subfield code="a">Institution</subfield>
         <subfield code="a">Library</subfield>
      </datafield>
      <datafield tag="371" ind1=" " ind2=" ">
         <subfield code="a">Abt-Berthold-Dietmayr-Straße 1</subfield>
         <subfield code="b">Melk</subfield>
         <subfield code="c">Niederösterreich</subfield>
         <subfield code="d">Austria</subfield>
         <subfield code="e">3390</subfield>
         <subfield code="m">musikarchiv@stiftmelk.at</subfield>
         <subfield code="u">http://www.stiftmelk.at</subfield>
         <subfield code="z">tel: +43 / (0)2752 / 555-388</subfield>
      </datafield>
      <datafield tag="551" ind1="1" ind2=" ">
         <subfield code="a">Melk</subfield>
         <subfield code="0">places/3900282</subfield>
      </datafield>
      <datafield tag="667" ind1=" " ind2=" ">
         <subfield code="a">Published sources: 1070</subfield>
      </datafield>
   </record>