
   <record>
      <leader>00000nz  a2200000nc 4500</leader>
      <controlfield tag="001">institutions/30000361</controlfield>
      <controlfield tag="003">DE-633</controlfield>
      <controlfield tag="005">20250620051955.0</controlfield>
      <controlfield tag="008">161109||||z|||a|||||||||||||||||n||||||d</controlfield>
      <datafield tag="024" ind1="7" ind2=" ">
         <subfield code="a">A-MO</subfield>
         <subfield code="q">siglum</subfield>
         <subfield code="2">rism</subfield>
      </datafield>
      <datafield tag="034" ind1="1" ind2=" ">
         <subfield code="d">13.351821797247439</subfield>
         <subfield code="f">47.85676477121762</subfield>
      </datafield>
      <datafield tag="040" ind1=" " ind2=" ">
         <subfield code="a">DE-633</subfield>
         <subfield code="c">DE-633</subfield>
         <subfield code="e">rismg</subfield>
      </datafield>
      <datafield tag="043" ind1=" " ind2=" ">
         <subfield code="c">XA-AT</subfield>
      </datafield>
      <datafield tag="110" ind1="1" ind2=" ">
         <subfield code="a">Pfarre Sankt Michael Mondsee</subfield>
         <subfield code="c">Mondsee</subfield>
         <subfield code="g">A-MO</subfield>
      </datafield>
      <datafield tag="368" ind1=" " ind2=" ">
         <subfield code="a">Institution</subfield>
         <subfield code="a">Library</subfield>
      </datafield>
      <datafield tag="371" ind1=" " ind2=" ">
         <subfield code="a">Kirchengasse 1</subfield>
         <subfield code="b">Mondsee</subfield>
         <subfield code="c">Oberösterreich</subfield>
         <subfield code="d">Austria</subfield>
         <subfield code="e">5310</subfield>
         <subfield code="m">pfarre.mondsee@dioezese-linz.at</subfield>
         <subfield code="u">https://www.dioezese-linz.at/mondsee</subfield>
         <subfield code="z">tel: +43 / 06232 / 4166</subfield>
      </datafield>
      <datafield tag="551" ind1="1" ind2=" ">
         <subfield code="a">Mondsee</subfield>
         <subfield code="0">places/3902888</subfield>
      </datafield>
      <datafield tag="667" ind1=" " ind2=" ">
         <subfield code="a">Published sources: 2</subfield>
      </datafield>
   </record>