
   <record>
      <leader>00000nz  a2200000nc 4500</leader>
      <controlfield tag="001">institutions/30000363</controlfield>
      <controlfield tag="003">DE-633</controlfield>
      <controlfield tag="005">20250620051955.0</controlfield>
      <controlfield tag="008">161109||||z|||a|||||||||||||||||n||||||d</controlfield>
      <datafield tag="024" ind1="7" ind2=" ">
         <subfield code="a">Q2542886</subfield>
         <subfield code="2">WKP</subfield>
      </datafield>
      <datafield tag="024" ind1="7" ind2=" ">
         <subfield code="a">A-MT</subfield>
         <subfield code="q">siglum</subfield>
         <subfield code="2">rism</subfield>
      </datafield>
      <datafield tag="034" ind1="1" ind2=" ">
         <subfield code="d">15.156212</subfield>
         <subfield code="f">48.225397</subfield>
      </datafield>
      <datafield tag="040" ind1=" " ind2=" ">
         <subfield code="a">DE-633</subfield>
         <subfield code="c">DE-633</subfield>
         <subfield code="e">rismg</subfield>
      </datafield>
      <datafield tag="043" ind1=" " ind2=" ">
         <subfield code="c">XA-AT</subfield>
      </datafield>
      <datafield tag="110" ind1="1" ind2=" ">
         <subfield code="a">Röm. Kath. Pfarramt Maria Taferl</subfield>
         <subfield code="c">Maria Taferl</subfield>
         <subfield code="g">A-MT</subfield>
      </datafield>
      <datafield tag="368" ind1=" " ind2=" ">
         <subfield code="a">Institution</subfield>
         <subfield code="a">Library</subfield>
         <subfield code="a">Archive</subfield>
      </datafield>
      <datafield tag="371" ind1=" " ind2=" ">
         <subfield code="b">Maria Taferl 1</subfield>
         <subfield code="c">Niederösterreich</subfield>
         <subfield code="d">Austria</subfield>
         <subfield code="e">3672</subfield>
         <subfield code="m">info@basilika.at</subfield>
         <subfield code="u">http://www.basilika.at</subfield>
         <subfield code="z">tel: +43 / (0)7413 / 278</subfield>
         <subfield code="z">fax: +43 / (0)7413 / 278 24</subfield>
      </datafield>
      <datafield tag="551" ind1="1" ind2=" ">
         <subfield code="a">Maria Taferl</subfield>
         <subfield code="0">places/3902889</subfield>
      </datafield>
      <datafield tag="667" ind1=" " ind2=" ">
         <subfield code="a">Published sources: 803</subfield>
      </datafield>
      <datafield tag="680" ind1="1" ind2=" ">
         <subfield code="a">Das Archiv der Wallfahrtskirche Maria Taferl (mit dem Musikarchiv) wurde beim Diözesanarchiv St. Pölten neu geordnet und auf Wunsch der Pfarre wieder nach Maria Taferl zurückgebracht.</subfield>
      </datafield>
      <datafield tag="680" ind1="1" ind2=" ">
         <subfield code="a">Die Bibliothek der Wallfahrtskirche Maria Taferl wurde 2009 katalogisiert und befindet sich im Kirchturm.</subfield>
      </datafield>
      <datafield tag="856" ind1="1" ind2=" ">
         <subfield code="u">https://www.dasp.findbuch.net/php/main.php#4949492f5066412033323338</subfield>
         <subfield code="z">Archiveverzeichnis des Diözesanarchivs St. Pölten mit dem gesamten Archivbestand der Wallfahrtskirche Maria Taferl inklusive der Musikalien.</subfield>
      </datafield>
      <datafield tag="856" ind1="1" ind2=" ">
         <subfield code="u">https://search-dsp.obvsg.at/primo_library/libweb/action/search.do?menuitem=0&amp;fromTop=true&amp;fromPreferences=false&amp;fromEshelf=false&amp;vid=DSP</subfield>
         <subfield code="z">Online-Katalog des Diözesanarchivs St. Pölten mit dem Bibliotheksbestand der Wallfahrtskirche Maria Taferl.</subfield>
      </datafield>
   </record>