
   <record>
      <leader>00000nz  a2200000nc 4500</leader>
      <controlfield tag="001">institutions/51006979</controlfield>
      <controlfield tag="003">DE-633</controlfield>
      <controlfield tag="005">20250620052312.0</controlfield>
      <controlfield tag="008">221214||||z|||a|||||||||||||||||n||||||d</controlfield>
      <datafield tag="024" ind1="7" ind2=" ">
         <subfield code="a">A-MÖwag</subfield>
         <subfield code="q">siglum</subfield>
         <subfield code="2">rism</subfield>
      </datafield>
      <datafield tag="034" ind1="1" ind2=" ">
         <subfield code="d">16.279610415972265</subfield>
         <subfield code="f">48.08592468334403</subfield>
      </datafield>
      <datafield tag="040" ind1=" " ind2=" ">
         <subfield code="a">DE-633</subfield>
         <subfield code="c">DE-633</subfield>
         <subfield code="e">rismg</subfield>
      </datafield>
      <datafield tag="043" ind1=" " ind2=" ">
         <subfield code="c">XA-AT</subfield>
      </datafield>
      <datafield tag="110" ind1="1" ind2=" ">
         <subfield code="a">Anton-und-Friedrich-Wildgans-Archiv &amp; Gedenkstätte</subfield>
         <subfield code="c">Mödling</subfield>
         <subfield code="g">A-MÖwag</subfield>
      </datafield>
      <datafield tag="368" ind1=" " ind2=" ">
         <subfield code="a">Institution</subfield>
         <subfield code="a">Library</subfield>
         <subfield code="a">Archive</subfield>
      </datafield>
      <datafield tag="371" ind1=" " ind2=" ">
         <subfield code="a">Anton-Wildgans-Weg 4</subfield>
         <subfield code="b">2340 Mödling</subfield>
         <subfield code="c">Niederösterreich</subfield>
         <subfield code="d">Austria</subfield>
         <subfield code="z">contact: Ilse Wildgans</subfield>
         <subfield code="z">tel: +43 / (0)2236 / 23433</subfield>
      </datafield>
      <datafield tag="551" ind1="1" ind2=" ">
         <subfield code="a">Mödling</subfield>
         <subfield code="0">places/3900840</subfield>
      </datafield>
      <datafield tag="700" ind1="1" ind2=" ">
         <subfield code="a">Wildgans, Anton</subfield>
         <subfield code="d">1881-1932</subfield>
         <subfield code="0">people/30101077</subfield>
         <subfield code="4">asn</subfield>
      </datafield>
      <datafield tag="700" ind1="1" ind2=" ">
         <subfield code="a">Wildgans, Friedrich</subfield>
         <subfield code="d">1913-1965</subfield>
         <subfield code="0">people/51013103</subfield>
         <subfield code="4">asn</subfield>
      </datafield>
   </record>