
   <record>
      <leader>00000nz  a2200000nc 4500</leader>
      <controlfield tag="001">institutions/30006371</controlfield>
      <controlfield tag="003">DE-633</controlfield>
      <controlfield tag="005">20250620052047.0</controlfield>
      <controlfield tag="008">161109||||z|||a|||||||||||||||||n||||||d</controlfield>
      <datafield tag="024" ind1="7" ind2=" ">
         <subfield code="a">A-RZ</subfield>
         <subfield code="q">siglum</subfield>
         <subfield code="2">rism</subfield>
      </datafield>
      <datafield tag="034" ind1="1" ind2=" ">
         <subfield code="d">15.954087</subfield>
         <subfield code="f">48.758878</subfield>
      </datafield>
      <datafield tag="040" ind1=" " ind2=" ">
         <subfield code="a">DE-633</subfield>
         <subfield code="c">DE-633</subfield>
         <subfield code="e">rismg</subfield>
      </datafield>
      <datafield tag="043" ind1=" " ind2=" ">
         <subfield code="c">XA-AT-3</subfield>
      </datafield>
      <datafield tag="110" ind1="1" ind2=" ">
         <subfield code="a">Pfarre Retz, Pfarrarchiv</subfield>
         <subfield code="c">Retz</subfield>
         <subfield code="g">A-RZ</subfield>
      </datafield>
      <datafield tag="368" ind1=" " ind2=" ">
         <subfield code="a">Institution</subfield>
         <subfield code="a">Library</subfield>
         <subfield code="a">Archive</subfield>
      </datafield>
      <datafield tag="371" ind1=" " ind2=" ">
         <subfield code="a">Pfarrgasse 10</subfield>
         <subfield code="b">Retz</subfield>
         <subfield code="c">Niederösterreich</subfield>
         <subfield code="d">Austria</subfield>
         <subfield code="e">2070</subfield>
         <subfield code="m">pfarrkanzlei@pfarrverband-retz.at</subfield>
         <subfield code="u">https://www.pfarrverband-retz.at/pfarren/retz</subfield>
         <subfield code="z">tel: +43 / (0)2942 / 23 59</subfield>
         <subfield code="z">fax: +43 / (0)2942 / 23 59-24</subfield>
      </datafield>
      <datafield tag="551" ind1="1" ind2=" ">
         <subfield code="a">Retz</subfield>
         <subfield code="0">places/3904759</subfield>
      </datafield>
      <datafield tag="667" ind1=" " ind2=" ">
         <subfield code="a">Published sources: 121</subfield>
      </datafield>
   </record>