
   <record>
      <leader>00000nz  a2200000nc 4500</leader>
      <controlfield tag="001">institutions/51001917</controlfield>
      <controlfield tag="003">DE-633</controlfield>
      <controlfield tag="005">20250620052241.0</controlfield>
      <controlfield tag="008">181024||||z|||a|||||||||||||||||n||||||d</controlfield>
      <datafield tag="024" ind1="7" ind2=" ">
         <subfield code="a">1138946605</subfield>
         <subfield code="2">DNB</subfield>
      </datafield>
      <datafield tag="024" ind1="7" ind2=" ">
         <subfield code="a">A-RZdk</subfield>
         <subfield code="q">siglum</subfield>
         <subfield code="2">rism</subfield>
      </datafield>
      <datafield tag="034" ind1="1" ind2=" ">
         <subfield code="d">15.948748</subfield>
         <subfield code="f">48.756722</subfield>
      </datafield>
      <datafield tag="040" ind1=" " ind2=" ">
         <subfield code="a">DE-633</subfield>
         <subfield code="c">DE-633</subfield>
         <subfield code="e">rismg</subfield>
      </datafield>
      <datafield tag="043" ind1=" " ind2=" ">
         <subfield code="c">XA-AT</subfield>
      </datafield>
      <datafield tag="110" ind1="1" ind2=" ">
         <subfield code="a">Dominikanerkloster</subfield>
         <subfield code="c">Retz</subfield>
         <subfield code="g">A-RZdk</subfield>
      </datafield>
      <datafield tag="368" ind1=" " ind2=" ">
         <subfield code="a">Institution</subfield>
         <subfield code="a">Library</subfield>
      </datafield>
      <datafield tag="371" ind1=" " ind2=" ">
         <subfield code="a">Klostergasse 37</subfield>
         <subfield code="b">Retz</subfield>
         <subfield code="c">Niederösterreich</subfield>
         <subfield code="d">Austria</subfield>
         <subfield code="e">2070</subfield>
         <subfield code="m">dominikanerkloster.retz@utanet.at</subfield>
         <subfield code="u">http://web.utanet.at/tavelopy/</subfield>
         <subfield code="z">tel: +43 / (0)2942 / 20032</subfield>
      </datafield>
      <datafield tag="551" ind1="1" ind2=" ">
         <subfield code="a">Retz</subfield>
         <subfield code="0">places/3904759</subfield>
      </datafield>
   </record>