
   <record>
      <leader>00000nz  a2200000nc 4500</leader>
      <controlfield tag="001">institutions/30000384</controlfield>
      <controlfield tag="003">DE-633</controlfield>
      <controlfield tag="005">20250620051955.0</controlfield>
      <controlfield tag="008">161109||||z|||a|||||||||||||||||n||||||d</controlfield>
      <datafield tag="024" ind1="7" ind2=" ">
         <subfield code="a">Q385797</subfield>
         <subfield code="2">WKP</subfield>
      </datafield>
      <datafield tag="024" ind1="7" ind2=" ">
         <subfield code="a">A-ST</subfield>
         <subfield code="q">siglum</subfield>
         <subfield code="2">rism</subfield>
      </datafield>
      <datafield tag="034" ind1="1" ind2=" ">
         <subfield code="d">10.984444397930375</subfield>
         <subfield code="f">47.27749270020419</subfield>
      </datafield>
      <datafield tag="040" ind1=" " ind2=" ">
         <subfield code="a">DE-633</subfield>
         <subfield code="c">DE-633</subfield>
         <subfield code="e">rismg</subfield>
      </datafield>
      <datafield tag="043" ind1=" " ind2=" ">
         <subfield code="c">XA-AT</subfield>
      </datafield>
      <datafield tag="110" ind1="1" ind2=" ">
         <subfield code="a">Zisterzienserstift Stams, Bibliothek und Musikarchiv</subfield>
         <subfield code="c">Stams</subfield>
         <subfield code="g">A-ST</subfield>
      </datafield>
      <datafield tag="368" ind1=" " ind2=" ">
         <subfield code="a">Institution</subfield>
         <subfield code="a">Library</subfield>
         <subfield code="a">Archive</subfield>
      </datafield>
      <datafield tag="371" ind1=" " ind2=" ">
         <subfield code="a">Stiftshof 1</subfield>
         <subfield code="b">6422 Stams</subfield>
         <subfield code="c">Tirol</subfield>
         <subfield code="d">Austria</subfield>
         <subfield code="m">rism.hh@musikland-tirol.at</subfield>
         <subfield code="u">https://www.stiftstams.at/</subfield>
         <subfield code="u">https://www.stiftstams.at/?page_id=109</subfield>
         <subfield code="z">contact: Dr. Hildegard Herrmann-Schneider</subfield>
      </datafield>
      <datafield tag="551" ind1="1" ind2=" ">
         <subfield code="a">Stams</subfield>
         <subfield code="0">places/3900257</subfield>
      </datafield>
      <datafield tag="667" ind1=" " ind2=" ">
         <subfield code="a">Published sources: 8157</subfield>
      </datafield>
   </record>