
   <record>
      <leader>00000nz  a2200000nc 4500</leader>
      <controlfield tag="001">institutions/30005923</controlfield>
      <controlfield tag="003">DE-633</controlfield>
      <controlfield tag="005">20250620052043.0</controlfield>
      <controlfield tag="008">161109||||z|||a|||||||||||||||||n||||||d</controlfield>
      <datafield tag="024" ind1="7" ind2=" ">
         <subfield code="a">A-SWpk</subfield>
         <subfield code="q">siglum</subfield>
         <subfield code="2">rism</subfield>
      </datafield>
      <datafield tag="040" ind1=" " ind2=" ">
         <subfield code="a">DE-633</subfield>
         <subfield code="c">DE-633</subfield>
         <subfield code="e">rismg</subfield>
      </datafield>
      <datafield tag="043" ind1=" " ind2=" ">
         <subfield code="c">XA-AT</subfield>
      </datafield>
      <datafield tag="110" ind1="2" ind2=" ">
         <subfield code="a">Pfarrkirche Unsere Liebe Frau Maria Himmelfahrt</subfield>
         <subfield code="c">Schwaz</subfield>
         <subfield code="g">A-SWpk</subfield>
      </datafield>
      <datafield tag="368" ind1=" " ind2=" ">
         <subfield code="a">Library</subfield>
      </datafield>
      <datafield tag="368" ind1=" " ind2=" ">
         <subfield code="a">Institution</subfield>
      </datafield>
      <datafield tag="371" ind1=" " ind2=" ">
         <subfield code="a">Pfarrkirche Unsere Liebe Frau Maria,  Himmelfahrt, Tannenberggasse 15, 6130 Schwaz, Austria</subfield>
         <subfield code="u">http://www.dibk.at/index.php?portal=7354&amp;id=3659</subfield>
      </datafield>
      <datafield tag="551" ind1=" " ind2=" ">
         <subfield code="a">Schwaz</subfield>
         <subfield code="0">places/3900038</subfield>
      </datafield>
      <datafield tag="667" ind1=" " ind2=" ">
         <subfield code="a">Published sources: 19</subfield>
      </datafield>
   </record>