
   <record>
      <leader>00000nz  a2200000nc 4500</leader>
      <controlfield tag="001">institutions/30061093</controlfield>
      <controlfield tag="003">DE-633</controlfield>
      <controlfield tag="005">20250620052100.0</controlfield>
      <controlfield tag="008">161109||||z|||a|||||||||||||||||n||||||d</controlfield>
      <datafield tag="024" ind1="7" ind2=" ">
         <subfield code="a">AT-AES</subfield>
         <subfield code="2">ISIL</subfield>
      </datafield>
      <datafield tag="024" ind1="7" ind2=" ">
         <subfield code="a">1496145857124122922772</subfield>
         <subfield code="2">VIAF</subfield>
      </datafield>
      <datafield tag="024" ind1="7" ind2=" ">
         <subfield code="a">Q635529</subfield>
         <subfield code="2">WKP</subfield>
      </datafield>
      <datafield tag="024" ind1="7" ind2=" ">
         <subfield code="a">A-Sae</subfield>
         <subfield code="q">siglum</subfield>
         <subfield code="2">rism</subfield>
      </datafield>
      <datafield tag="034" ind1="1" ind2=" ">
         <subfield code="d">13.047121613518646</subfield>
         <subfield code="f">47.79674437016235</subfield>
      </datafield>
      <datafield tag="040" ind1=" " ind2=" ">
         <subfield code="a">DE-633</subfield>
         <subfield code="c">DE-633</subfield>
         <subfield code="e">rismg</subfield>
      </datafield>
      <datafield tag="043" ind1=" " ind2=" ">
         <subfield code="c">XA-AT</subfield>
      </datafield>
      <datafield tag="110" ind1="1" ind2=" ">
         <subfield code="a">Archiv der Erzdiözese Salzburg - Musiksammlung</subfield>
         <subfield code="c">Salzburg</subfield>
         <subfield code="g">A-Sae</subfield>
      </datafield>
      <datafield tag="368" ind1=" " ind2=" ">
         <subfield code="a">Institution</subfield>
         <subfield code="a">Library</subfield>
         <subfield code="a">Archive</subfield>
      </datafield>
      <datafield tag="371" ind1=" " ind2=" ">
         <subfield code="a">Kapitelplatz 3</subfield>
         <subfield code="b">5020 Salzburg</subfield>
         <subfield code="c">Land Salzburg</subfield>
         <subfield code="d">Austria</subfield>
         <subfield code="m">eva.neumayr@eds.at</subfield>
         <subfield code="u">https://eds.at/archiv/home</subfield>
         <subfield code="z">tel: +43 / (0)662 / 8047 1513</subfield>
         <subfield code="z">fax: +43 / (0)662 / 8047 51500</subfield>
         <subfield code="z">contact: Dr. Eva Neumayr</subfield>
      </datafield>
      <datafield tag="410" ind1=" " ind2=" ">
         <subfield code="a">RISM Arbeitsgruppe Salzburg</subfield>
      </datafield>
      <datafield tag="551" ind1="1" ind2=" ">
         <subfield code="a">Salzburg</subfield>
         <subfield code="0">places/3900070</subfield>
      </datafield>
      <datafield tag="667" ind1=" " ind2=" ">
         <subfield code="a">Published sources: 87</subfield>
      </datafield>
      <datafield tag="710" ind1="1" ind2=" ">
         <subfield code="a">Stadtpfarrkirche Hallein - Archiv</subfield>
         <subfield code="0">institutions/51007452</subfield>
      </datafield>
      <datafield tag="710" ind1="1" ind2=" ">
         <subfield code="a">Stille Nacht Museum Hallein - Archiv</subfield>
         <subfield code="0">institutions/51007453</subfield>
      </datafield>
   </record>