
   <record>
      <leader>00000nz  a2200000nc 4500</leader>
      <controlfield tag="001">institutions/30000367</controlfield>
      <controlfield tag="003">DE-633</controlfield>
      <controlfield tag="005">20250709182126.0</controlfield>
      <controlfield tag="008">161109||||z|||a|||||||||||||||||n||||||d</controlfield>
      <datafield tag="024" ind1="7" ind2=" ">
         <subfield code="a">A-Sangermüller</subfield>
         <subfield code="q">siglum</subfield>
         <subfield code="2">rism</subfield>
      </datafield>
      <datafield tag="040" ind1=" " ind2=" ">
         <subfield code="a">DE-633</subfield>
         <subfield code="c">DE-633</subfield>
         <subfield code="e">rismg</subfield>
      </datafield>
      <datafield tag="043" ind1=" " ind2=" ">
         <subfield code="c">XA-AT</subfield>
      </datafield>
      <datafield tag="110" ind1="1" ind2=" ">
         <subfield code="a">Musikarchiv und Bibliothek St. Peter</subfield>
         <subfield code="b">Privatbibliothek Dr. Rudolph Angermüller</subfield>
         <subfield code="c">Salzburg</subfield>
         <subfield code="g">A-Sangermüller</subfield>
      </datafield>
      <datafield tag="368" ind1=" " ind2=" ">
         <subfield code="a">Library</subfield>
      </datafield>
      <datafield tag="368" ind1=" " ind2=" ">
         <subfield code="a">Institution</subfield>
      </datafield>
      <datafield tag="370" ind1=" " ind2=" ">
         <subfield code="c">Österreich</subfield>
         <subfield code="e">St. Peter Bezirk 1, 5020 Salzburg</subfield>
      </datafield>
      <datafield tag="371" ind1=" " ind2=" ">
         <subfield code="a">St. Peter Bezirk 1</subfield>
         <subfield code="b">Salzburg</subfield>
         <subfield code="e">5020</subfield>
      </datafield>
      <datafield tag="551" ind1="1" ind2=" ">
         <subfield code="a">Salzburg</subfield>
         <subfield code="0">places/3900070</subfield>
      </datafield>
      <datafield tag="667" ind1=" " ind2=" ">
         <subfield code="a">Published sources: 4</subfield>
      </datafield>
      <datafield tag="678" ind1="1" ind2=" ">
         <subfield code="a">Musikalien wurden vom Musikalienarchiv St. Peter übernommen, alles andere von der Stiftsbibliothek St. Peter (P. Petrus Eder, Juli 2025)</subfield>
      </datafield>
   </record>