
   <record>
      <leader>00000nz  a2200000nc 4500</leader>
      <controlfield tag="001">institutions/30000372</controlfield>
      <controlfield tag="003">DE-633</controlfield>
      <controlfield tag="005">20250710071616.0</controlfield>
      <controlfield tag="008">161109||||z|||a|||||||||||||||||n||||||d</controlfield>
      <datafield tag="024" ind1="7" ind2=" ">
         <subfield code="a">AT-MOZ</subfield>
         <subfield code="2">ISIL</subfield>
      </datafield>
      <datafield tag="024" ind1="7" ind2=" ">
         <subfield code="a">4542735-5</subfield>
         <subfield code="2">DNB</subfield>
      </datafield>
      <datafield tag="024" ind1="7" ind2=" ">
         <subfield code="a">Q61655896</subfield>
         <subfield code="2">WKP</subfield>
      </datafield>
      <datafield tag="024" ind1="7" ind2=" ">
         <subfield code="a">A-Sm</subfield>
         <subfield code="q">siglum</subfield>
         <subfield code="2">rism</subfield>
      </datafield>
      <datafield tag="034" ind1="1" ind2=" ">
         <subfield code="d">13.041977220077834</subfield>
         <subfield code="f">47.803566847433885</subfield>
      </datafield>
      <datafield tag="040" ind1=" " ind2=" ">
         <subfield code="a">DE-633</subfield>
         <subfield code="c">DE-633</subfield>
         <subfield code="e">rismg</subfield>
      </datafield>
      <datafield tag="043" ind1=" " ind2=" ">
         <subfield code="c">XA-AT</subfield>
      </datafield>
      <datafield tag="110" ind1="1" ind2=" ">
         <subfield code="a">Internationale Stiftung Mozarteum, Bibliotheca Mozartiana</subfield>
         <subfield code="c">Salzburg</subfield>
         <subfield code="g">A-Sm</subfield>
      </datafield>
      <datafield tag="368" ind1=" " ind2=" ">
         <subfield code="a">Institution</subfield>
         <subfield code="a">Library</subfield>
      </datafield>
      <datafield tag="371" ind1=" " ind2=" ">
         <subfield code="a">Schwarzstraße 26</subfield>
         <subfield code="b">5020 Salzburg</subfield>
         <subfield code="c">Salzburg</subfield>
         <subfield code="d">Austria</subfield>
         <subfield code="m">bibliothek@mozarteum.at</subfield>
         <subfield code="u">https://bibliothek.mozarteum.at/</subfield>
         <subfield code="u">https://mozarteum.at/en/bibliotheca-mozartiana#info</subfield>
         <subfield code="z">contact: Dr. Armin Brinzing</subfield>
         <subfield code="z">tel: +43 / (0)662 889 40-13/-14</subfield>
      </datafield>
      <datafield tag="551" ind1="1" ind2=" ">
         <subfield code="a">Salzburg</subfield>
         <subfield code="0">places/3900070</subfield>
      </datafield>
      <datafield tag="667" ind1=" " ind2=" ">
         <subfield code="a">Published sources: 2483</subfield>
      </datafield>
      <datafield tag="700" ind1="1" ind2=" ">
         <subfield code="a">Mozart, Wolfgang Amadeus</subfield>
         <subfield code="d">1756-1791</subfield>
         <subfield code="0">people/115324</subfield>
         <subfield code="4">asn</subfield>
      </datafield>
   </record>