
   <record>
      <leader>00000nz  a2200000nc 4500</leader>
      <controlfield tag="001">institutions/51006297</controlfield>
      <controlfield tag="003">DE-633</controlfield>
      <controlfield tag="005">20250620052307.0</controlfield>
      <controlfield tag="008">220404||||z|||a|||||||||||||||||n||||||d</controlfield>
      <datafield tag="024" ind1="7" ind2=" ">
         <subfield code="a">A-Sma</subfield>
         <subfield code="q">siglum</subfield>
         <subfield code="2">rism</subfield>
      </datafield>
      <datafield tag="040" ind1=" " ind2=" ">
         <subfield code="a">DE-633</subfield>
         <subfield code="c">DE-633</subfield>
         <subfield code="e">rismg</subfield>
      </datafield>
      <datafield tag="043" ind1=" " ind2=" ">
         <subfield code="c">XA-AT</subfield>
      </datafield>
      <datafield tag="110" ind1="1" ind2=" ">
         <subfield code="a">Internationale Stiftung Mozarteum, Archiv</subfield>
         <subfield code="c">Salzburg</subfield>
         <subfield code="g">A-Sma</subfield>
      </datafield>
      <datafield tag="368" ind1=" " ind2=" ">
         <subfield code="a">Institution</subfield>
         <subfield code="a">Library</subfield>
         <subfield code="a">Archive</subfield>
      </datafield>
      <datafield tag="370" ind1=" " ind2=" ">
         <subfield code="c">Österreich</subfield>
         <subfield code="e">Salzburg</subfield>
      </datafield>
      <datafield tag="371" ind1=" " ind2=" ">
         <subfield code="a">Getreidegasse 9</subfield>
         <subfield code="b">Salzburg</subfield>
         <subfield code="d">Österreich</subfield>
         <subfield code="e">5020</subfield>
         <subfield code="m">greger@mozarteum.at</subfield>
         <subfield code="u">https://mozarteum.at/</subfield>
      </datafield>
      <datafield tag="410" ind1=" " ind2=" ">
         <subfield code="a">Internationale Stiftung Mozarteum, Mozart-Archiv</subfield>
      </datafield>
      <datafield tag="667" ind1=" " ind2=" ">
         <subfield code="a">Published sources: 1</subfield>
      </datafield>
      <datafield tag="710" ind1="1" ind2=" ">
         <subfield code="a">Internationale Stiftung Mozarteum</subfield>
         <subfield code="0">institutions/49444</subfield>
      </datafield>
   </record>