
   <record>
      <leader>00000nz  a2200000nc 4500</leader>
      <controlfield tag="001">institutions/51006751</controlfield>
      <controlfield tag="003">DE-633</controlfield>
      <controlfield tag="005">20250620052310.0</controlfield>
      <controlfield tag="008">220830||||z|||a|||||||||||||||||n||||||d</controlfield>
      <datafield tag="024" ind1="7" ind2=" ">
         <subfield code="a">AT-MCA-B</subfield>
         <subfield code="2">ISIL</subfield>
      </datafield>
      <datafield tag="024" ind1="7" ind2=" ">
         <subfield code="a">A-Ssm</subfield>
         <subfield code="q">siglum</subfield>
         <subfield code="z">A-Sca</subfield>
         <subfield code="2">rism</subfield>
      </datafield>
      <datafield tag="034" ind1="1" ind2=" ">
         <subfield code="d">13.0681672998918</subfield>
         <subfield code="f">47.78135889635871</subfield>
      </datafield>
      <datafield tag="040" ind1=" " ind2=" ">
         <subfield code="a">DE-633</subfield>
         <subfield code="c">DE-633</subfield>
         <subfield code="e">rismg</subfield>
      </datafield>
      <datafield tag="043" ind1=" " ind2=" ">
         <subfield code="c">XA-AT</subfield>
      </datafield>
      <datafield tag="110" ind1="1" ind2=" ">
         <subfield code="a">Salzburg Museum (SM) - Bibliothek</subfield>
         <subfield code="c">Salzburg</subfield>
         <subfield code="g">A-Ssm</subfield>
      </datafield>
      <datafield tag="368" ind1=" " ind2=" ">
         <subfield code="a">Institution</subfield>
         <subfield code="a">Library</subfield>
         <subfield code="a">Museum</subfield>
         <subfield code="a">Archive</subfield>
      </datafield>
      <datafield tag="371" ind1=" " ind2=" ">
         <subfield code="a">Studiengebäude Alpenstrasse</subfield>
         <subfield code="a">Alpenstraße 75</subfield>
         <subfield code="b">5020 Salzburg</subfield>
         <subfield code="d">Austria</subfield>
         <subfield code="m">Andreas.Zechner@salzburgmuseum.at</subfield>
         <subfield code="m">bibliothek@salzburgmuseum.at</subfield>
         <subfield code="u">https://www.salzburgmuseum.at/index.php?id=1330</subfield>
         <subfield code="z">contact: Andreas Zechner</subfield>
         <subfield code="z">tel: +43 / (0)662 / 62 08 08-141</subfield>
         <subfield code="z">fax: +43 / (0)662 / 62 08 08-720</subfield>
      </datafield>
      <datafield tag="410" ind1=" " ind2=" ">
         <subfield code="a">Sammlung Handschriften und Druckwerke</subfield>
      </datafield>
      <datafield tag="410" ind1=" " ind2=" ">
         <subfield code="a">Salzburger Museum Carolino Augusteum (SMCA)</subfield>
      </datafield>
      <datafield tag="551" ind1="1" ind2=" ">
         <subfield code="a">Salzburg</subfield>
         <subfield code="0">places/3900070</subfield>
      </datafield>
      <datafield tag="667" ind1=" " ind2=" ">
         <subfield code="a">Published sources: 304</subfield>
      </datafield>
      <datafield tag="678" ind1="1" ind2=" ">
         <subfield code="a">Früher Museum Carolino Augusteum (A-Sca).</subfield>
      </datafield>
      <datafield tag="680" ind1="1" ind2=" ">
         <subfield code="a">Die Katalogisate aus dem Salzburg Museum wurden früher unter dem Sigel A-Sca abgelegt. (September 2022)</subfield>
      </datafield>
      <datafield tag="680" ind1="1" ind2=" ">
         <subfield code="a">The records from the Salzburg Museum were previously filed under the siglum A-Sca. (September 2022)</subfield>
      </datafield>
   </record>