
   <record>
      <leader>00000nz  a2200000nc 4500</leader>
      <controlfield tag="001">institutions/30006112</controlfield>
      <controlfield tag="003">DE-633</controlfield>
      <controlfield tag="005">20250620052045.0</controlfield>
      <controlfield tag="008">161109||||z|||a|||||||||||||||||n||||||d</controlfield>
      <datafield tag="024" ind1="7" ind2=" ">
         <subfield code="a">AT-UBMS</subfield>
         <subfield code="2">ISIL</subfield>
      </datafield>
      <datafield tag="024" ind1="7" ind2=" ">
         <subfield code="a">126398050</subfield>
         <subfield code="2">VIAF</subfield>
      </datafield>
      <datafield tag="024" ind1="7" ind2=" ">
         <subfield code="a">Q871369</subfield>
         <subfield code="2">WKP</subfield>
      </datafield>
      <datafield tag="024" ind1="7" ind2=" ">
         <subfield code="a">A-Sum</subfield>
         <subfield code="q">siglum</subfield>
         <subfield code="2">rism</subfield>
      </datafield>
      <datafield tag="034" ind1="1" ind2=" ">
         <subfield code="d">13.043582496315782</subfield>
         <subfield code="f">47.80385034798475</subfield>
      </datafield>
      <datafield tag="040" ind1=" " ind2=" ">
         <subfield code="a">DE-633</subfield>
         <subfield code="c">DE-633</subfield>
         <subfield code="e">rismg</subfield>
      </datafield>
      <datafield tag="043" ind1=" " ind2=" ">
         <subfield code="c">XA-AT</subfield>
      </datafield>
      <datafield tag="110" ind1="1" ind2=" ">
         <subfield code="a">Universität Mozarteum, Universitätsbibliothek</subfield>
         <subfield code="c">Salzburg</subfield>
         <subfield code="g">A-Sum</subfield>
      </datafield>
      <datafield tag="368" ind1=" " ind2=" ">
         <subfield code="a">Institution</subfield>
         <subfield code="a">Library</subfield>
      </datafield>
      <datafield tag="371" ind1=" " ind2=" ">
         <subfield code="a">Hauptbibliothek</subfield>
         <subfield code="a">Mirabellplatz 1</subfield>
         <subfield code="b">5020 Salzburg</subfield>
         <subfield code="c">Salzburg</subfield>
         <subfield code="d">Austria</subfield>
         <subfield code="m">bibliothek@moz.ac.at</subfield>
         <subfield code="u">https://www.uni-mozarteum.at/de/bibliothek/index.php</subfield>
         <subfield code="z">tel: +43 / (0)662 / 6198-4000</subfield>
      </datafield>
      <datafield tag="410" ind1=" " ind2=" ">
         <subfield code="a">Akademie für Musik und Darstellende Kunst Mozarteum, Bibliothek</subfield>
      </datafield>
      <datafield tag="410" ind1=" " ind2=" ">
         <subfield code="a">Hochschulbibliothek Mozarteum</subfield>
      </datafield>
      <datafield tag="410" ind1=" " ind2=" ">
         <subfield code="a">Universitätsbibliothek Mozarteum</subfield>
      </datafield>
      <datafield tag="551" ind1="1" ind2=" ">
         <subfield code="a">Salzburg</subfield>
         <subfield code="0">places/3900070</subfield>
      </datafield>
      <datafield tag="667" ind1=" " ind2=" ">
         <subfield code="a">Published sources: 2</subfield>
      </datafield>
      <datafield tag="678" ind1="1" ind2=" ">
         <subfield code="a">Am 22. April 1841 wurde in Salzburg der „Dommusikverein und Mozarteum“ als Konservatorium und zur Sammlung alter Mozart-Dokumente gegründet. Im Jahr 1880 ging, aus der anfangs einfachen Schulform, die ambitioniertere Öffentliche Musikschule Mozarteum hervor, die Vorläuferin der heutigen Kunst-Universität. 1914 wurde die Musikschule als Konservatorium „Mozarteum“ mit Öffentlichkeitsrecht anerkannt. Im Weiteren nannte man das Konservatorium ab 1939, nach dem Anschluss Österreichs, Reichshochschule Mozarteum, ab 1945 Musikhochschule. 1953 wurde die Hochschule zur Akademie für Musik und darstellende Kunst „Mozarteum“ in Salzburg. Im Jahr 1970 wurde die Akademie wiederum zur Hochschule umbenannt und hieß nun Hochschule für Musik und darstellende Kunst „Mozarteum“ in Salzburg. Seit 1998 heißt die Hochschule Universität Mozarteum Salzburg.</subfield>
      </datafield>
      <datafield tag="856" ind1="1" ind2=" ">
         <subfield code="u">https://de.wikipedia.org/w/index.php?title=Mozarteum&amp;oldid=224736463#Besondere_Einrichtungen</subfield>
         <subfield code="z">Zur Geschichte der Körperschaft auf Wikipedia.</subfield>
      </datafield>
   </record>