
   <record>
      <leader>00000nz  a2200000nc 4500</leader>
      <controlfield tag="001">institutions/30079239</controlfield>
      <controlfield tag="003">DE-633</controlfield>
      <controlfield tag="005">20250620052123.0</controlfield>
      <controlfield tag="008">161109||||z|||a|||||||||||||||||n||||||d</controlfield>
      <datafield tag="024" ind1="7" ind2=" ">
         <subfield code="a">A-WEsa</subfield>
         <subfield code="q">siglum</subfield>
         <subfield code="2">rism</subfield>
      </datafield>
      <datafield tag="034" ind1="1" ind2=" ">
         <subfield code="d">14.017801</subfield>
         <subfield code="f">48.151956</subfield>
      </datafield>
      <datafield tag="040" ind1=" " ind2=" ">
         <subfield code="a">DE-633</subfield>
         <subfield code="c">DE-633</subfield>
         <subfield code="e">rismg</subfield>
      </datafield>
      <datafield tag="043" ind1=" " ind2=" ">
         <subfield code="c">XA-AT</subfield>
      </datafield>
      <datafield tag="110" ind1="1" ind2=" ">
         <subfield code="a">Stadtarchiv</subfield>
         <subfield code="c">Wels</subfield>
         <subfield code="g">A-WEsa</subfield>
      </datafield>
      <datafield tag="368" ind1=" " ind2=" ">
         <subfield code="a">Institution</subfield>
         <subfield code="a">Library</subfield>
         <subfield code="a">Archive</subfield>
      </datafield>
      <datafield tag="371" ind1=" " ind2=" ">
         <subfield code="a">Maria-Theresia-Straße 33</subfield>
         <subfield code="b">Wels</subfield>
         <subfield code="c">Oberösterreich</subfield>
         <subfield code="d">Österreich</subfield>
         <subfield code="e">4600</subfield>
         <subfield code="m">a@wels.gv.at</subfield>
         <subfield code="u">http://www.wels.gv.at/Politik-Service-Verwaltung/Magistrat/Kultur-und-Bildung/Stadtarchiv/?:hp=3</subfield>
         <subfield code="z">tel: +43 / (0)7242 / 235-7680</subfield>
      </datafield>
      <datafield tag="551" ind1="1" ind2=" ">
         <subfield code="a">Wels</subfield>
         <subfield code="0">places/1169</subfield>
      </datafield>
   </record>