
   <record>
      <leader>00000nz  a2200000nc 4500</leader>
      <controlfield tag="001">institutions/30000267</controlfield>
      <controlfield tag="003">DE-633</controlfield>
      <controlfield tag="005">20250620051954.0</controlfield>
      <controlfield tag="008">161109||||z|||a|||||||||||||||||n||||||d</controlfield>
      <datafield tag="024" ind1="7" ind2=" ">
         <subfield code="a">Q364810</subfield>
         <subfield code="2">WKP</subfield>
      </datafield>
      <datafield tag="024" ind1="7" ind2=" ">
         <subfield code="a">A-WIL</subfield>
         <subfield code="q">siglum</subfield>
         <subfield code="2">rism</subfield>
      </datafield>
      <datafield tag="034" ind1="1" ind2=" ">
         <subfield code="d">14.190401191835825</subfield>
         <subfield code="f">48.323978919608635</subfield>
      </datafield>
      <datafield tag="040" ind1=" " ind2=" ">
         <subfield code="a">DE-633</subfield>
         <subfield code="c">DE-633</subfield>
         <subfield code="e">rismg</subfield>
      </datafield>
      <datafield tag="043" ind1=" " ind2=" ">
         <subfield code="c">XA-AT</subfield>
      </datafield>
      <datafield tag="110" ind1="1" ind2=" ">
         <subfield code="a">Stift Wilhering, Musikarchiv</subfield>
         <subfield code="c">Wilhering</subfield>
         <subfield code="g">A-WIL</subfield>
      </datafield>
      <datafield tag="368" ind1=" " ind2=" ">
         <subfield code="a">Institution</subfield>
         <subfield code="a">Library</subfield>
         <subfield code="a">Archive</subfield>
      </datafield>
      <datafield tag="371" ind1=" " ind2=" ">
         <subfield code="a">Linzer Str. 4</subfield>
         <subfield code="b">Wilhering</subfield>
         <subfield code="c">Oberösterreich</subfield>
         <subfield code="d">Austria</subfield>
         <subfield code="e">4073</subfield>
         <subfield code="m">musikarchiv@stiftwilhering.at</subfield>
         <subfield code="u">http://stiftwilhering.at/kultur/musikarchiv/</subfield>
         <subfield code="z">contact: Dr. Stefan Ikarus Kaiser, Stiftsorganist</subfield>
         <subfield code="z">tel: +43 / (0)7226 / 2311-51</subfield>
      </datafield>
      <datafield tag="410" ind1=" " ind2=" ">
         <subfield code="a">Stiftsbibliothek</subfield>
      </datafield>
      <datafield tag="410" ind1=" " ind2=" ">
         <subfield code="a">Zisterzienserstift Wilhering, Musikarchiv</subfield>
      </datafield>
      <datafield tag="551" ind1="1" ind2=" ">
         <subfield code="a">Wilhering</subfield>
         <subfield code="0">places/3900088</subfield>
      </datafield>
      <datafield tag="667" ind1=" " ind2=" ">
         <subfield code="a">Published sources: 1586</subfield>
      </datafield>
      <datafield tag="680" ind1="1" ind2=" ">
         <subfield code="a">Mit dem Nachlass Johann Wilfried Hübl als Unterbestand: Umfangreicher Notenbestand aus dem Besitz des Wilheringer Stiftsorganisten und Musikforschers Johann Wilfried Hübl (1932-2000) mit Musik-Handschriften und Musikdrucken vom 19. und 20. Jahrhundert, darunter etliche Frühdrucke, Bearbeitungen, Widmungsexemplare und seltene Werke, hauptsächlich in den Bereichen Orgelmusik, Kirchenmusik und weltlichen Vokalmusik, weiters mit organologischer Fachliteratur und einer großen Sammlung an Fotografien von Kirchen, Orgeln und Kunstschätzen aus ganz Europa. Der Bestand gelangte in den Jahren 2015-2016 in das Musikarchiv des Stiftes Wilhering.</subfield>
      </datafield>
      <datafield tag="710" ind1="1" ind2=" ">
         <subfield code="a">Stift Wilhering - Balduin-Sulzer-Archiv</subfield>
         <subfield code="0">institutions/51005650</subfield>
      </datafield>
   </record>