
   <record>
      <leader>00000nz  a2200000nc 4500</leader>
      <controlfield tag="001">institutions/51005650</controlfield>
      <controlfield tag="003">DE-633</controlfield>
      <controlfield tag="005">20250620052303.0</controlfield>
      <controlfield tag="008">211006||||z|||a|||||||||||||||||n||||||d</controlfield>
      <datafield tag="024" ind1="7" ind2=" ">
         <subfield code="a">119383993</subfield>
         <subfield code="2">DNB</subfield>
      </datafield>
      <datafield tag="024" ind1="7" ind2=" ">
         <subfield code="a">Q804824</subfield>
         <subfield code="2">WKP</subfield>
      </datafield>
      <datafield tag="024" ind1="7" ind2=" ">
         <subfield code="a">A-WILbsa</subfield>
         <subfield code="q">siglum</subfield>
         <subfield code="2">rism</subfield>
      </datafield>
      <datafield tag="034" ind1="1" ind2=" ">
         <subfield code="d">14.190401191835825</subfield>
         <subfield code="f">48.323978919608635</subfield>
      </datafield>
      <datafield tag="040" ind1=" " ind2=" ">
         <subfield code="a">DE-633</subfield>
         <subfield code="c">DE-633</subfield>
         <subfield code="e">rismg</subfield>
      </datafield>
      <datafield tag="043" ind1=" " ind2=" ">
         <subfield code="c">XA-AT</subfield>
      </datafield>
      <datafield tag="110" ind1="1" ind2=" ">
         <subfield code="a">Stift Wilhering - Balduin-Sulzer-Archiv</subfield>
         <subfield code="c">Wilhering</subfield>
         <subfield code="g">A-WILbsa</subfield>
      </datafield>
      <datafield tag="368" ind1=" " ind2=" ">
         <subfield code="a">Institution</subfield>
         <subfield code="a">Library</subfield>
         <subfield code="a">Archive</subfield>
      </datafield>
      <datafield tag="371" ind1=" " ind2=" ">
         <subfield code="a">Linzer Str. 4</subfield>
         <subfield code="b">Wilhering</subfield>
         <subfield code="c">Oberösterreich</subfield>
         <subfield code="d">Austria</subfield>
         <subfield code="e">4073</subfield>
         <subfield code="m">musikarchiv@stiftwilhering.at</subfield>
         <subfield code="u">http://stiftwilhering.at/kultur/musikarchiv/</subfield>
         <subfield code="z">contact: Dr. Stefan Ikarus Kaiser, Stiftsorganist</subfield>
         <subfield code="z">tel: +43 / (0)7226 / 2311-51</subfield>
      </datafield>
      <datafield tag="551" ind1="1" ind2=" ">
         <subfield code="a">Wilhering</subfield>
         <subfield code="0">places/3900088</subfield>
      </datafield>
      <datafield tag="680" ind1="1" ind2=" ">
         <subfield code="a">Die Leitung des Archivs haben Frau Dr. Michaela Schwarzbauer und Herr Dr. Thomas Hochradner vom Mozarteum in Salzburg.</subfield>
      </datafield>
      <datafield tag="700" ind1="1" ind2=" ">
         <subfield code="a">Sulzer, Balduin</subfield>
         <subfield code="d">1932-2019</subfield>
         <subfield code="0">people/30114331</subfield>
         <subfield code="4">asn</subfield>
      </datafield>
      <datafield tag="710" ind1="1" ind2=" ">
         <subfield code="a">Stift Wilhering, Musikarchiv</subfield>
         <subfield code="0">institutions/30000267</subfield>
      </datafield>
   </record>