
   <record>
      <leader>00000nz  a2200000nc 4500</leader>
      <controlfield tag="001">institutions/51008331</controlfield>
      <controlfield tag="003">DE-633</controlfield>
      <controlfield tag="005">20250620052321.0</controlfield>
      <controlfield tag="008">241029||||z|||a|||||||||||||||||n||||||d</controlfield>
      <datafield tag="024" ind1="7" ind2=" ">
         <subfield code="a">139220643</subfield>
         <subfield code="2">VIAF</subfield>
      </datafield>
      <datafield tag="024" ind1="7" ind2=" ">
         <subfield code="a">1601181-8</subfield>
         <subfield code="2">DNB</subfield>
      </datafield>
      <datafield tag="024" ind1="7" ind2=" ">
         <subfield code="a">Q306721</subfield>
         <subfield code="2">WKP</subfield>
      </datafield>
      <datafield tag="024" ind1="7" ind2=" ">
         <subfield code="a">A-War</subfield>
         <subfield code="q">siglum</subfield>
         <subfield code="2">rism</subfield>
      </datafield>
      <datafield tag="034" ind1="1" ind2=" ">
         <subfield code="d">16.412438630883265</subfield>
         <subfield code="f">48.19179509758309</subfield>
      </datafield>
      <datafield tag="040" ind1=" " ind2=" ">
         <subfield code="a">DE-633</subfield>
         <subfield code="c">DE-633</subfield>
         <subfield code="e">rismg</subfield>
      </datafield>
      <datafield tag="043" ind1=" " ind2=" ">
         <subfield code="c">XA-AT</subfield>
      </datafield>
      <datafield tag="110" ind1="1" ind2=" ">
         <subfield code="a">Archiv der Republik</subfield>
         <subfield code="c">Wien</subfield>
         <subfield code="g">A-War</subfield>
      </datafield>
      <datafield tag="368" ind1=" " ind2=" ">
         <subfield code="a">Institution</subfield>
         <subfield code="a">Archive</subfield>
         <subfield code="a">Library</subfield>
      </datafield>
      <datafield tag="371" ind1=" " ind2=" ">
         <subfield code="a">Nottendorfer Gasse 2</subfield>
         <subfield code="b">Wien</subfield>
         <subfield code="d">Austria</subfield>
         <subfield code="e">1030</subfield>
         <subfield code="m">adr@oesta.gv.at</subfield>
         <subfield code="u">https://www.oesta.gv.at/ueber-uns/abteilungen/archiv-der-republik1.html</subfield>
         <subfield code="z">tel: +43 / (0)1 / 795 40-640251</subfield>
         <subfield code="z">fax: +43 / (0)1 / 795 40-640109</subfield>
      </datafield>
      <datafield tag="510" ind1="2" ind2=" ">
         <subfield code="a">Österreichisches Staatsarchiv</subfield>
         <subfield code="w">t</subfield>
      </datafield>
      <datafield tag="551" ind1="1" ind2=" ">
         <subfield code="a">Wien</subfield>
         <subfield code="0">places/3900059</subfield>
      </datafield>
   </record>