
   <record>
      <leader>00000nz  a2200000nc 4500</leader>
      <controlfield tag="001">institutions/51008168</controlfield>
      <controlfield tag="003">DE-633</controlfield>
      <controlfield tag="005">20250620052320.0</controlfield>
      <controlfield tag="008">240813||||z|||a|||||||||||||||||n||||||d</controlfield>
      <datafield tag="024" ind1="7" ind2=" ">
         <subfield code="a">A-Whafl</subfield>
         <subfield code="q">siglum</subfield>
         <subfield code="2">rism</subfield>
      </datafield>
      <datafield tag="034" ind1="1" ind2=" ">
         <subfield code="d">16.35959765964942</subfield>
         <subfield code="f">48.22252252559269</subfield>
      </datafield>
      <datafield tag="040" ind1=" " ind2=" ">
         <subfield code="a">DE-633</subfield>
         <subfield code="c">DE-633</subfield>
         <subfield code="e">rismg</subfield>
      </datafield>
      <datafield tag="043" ind1=" " ind2=" ">
         <subfield code="c">XA-AT</subfield>
      </datafield>
      <datafield tag="110" ind1="1" ind2=" ">
         <subfield code="a">Hausarchiv der regierenden Fürsten von Liechtenstein</subfield>
         <subfield code="c">Wien</subfield>
         <subfield code="g">A-Whafl</subfield>
      </datafield>
      <datafield tag="368" ind1=" " ind2=" ">
         <subfield code="a">Institution</subfield>
         <subfield code="a">Archive</subfield>
         <subfield code="a">Library</subfield>
      </datafield>
      <datafield tag="371" ind1=" " ind2=" ">
         <subfield code="a">Fürstengasse 1</subfield>
         <subfield code="b">Wien</subfield>
         <subfield code="d">Austria</subfield>
         <subfield code="e">1090</subfield>
         <subfield code="m">a.stoegmann@liechtensteincollections.at</subfield>
         <subfield code="u">https://www.oesta.gv.at/services/archivregister/familien-und-privatarchive.html#Hausarchiv_Liechtenstein</subfield>
         <subfield code="z">contact: Dr. Arthur Stögmann</subfield>
         <subfield code="z">tel: +43 / 131 913 91-808</subfield>
         <subfield code="z">fax: +43 / 131 913 91-820</subfield>
      </datafield>
      <datafield tag="551" ind1="1" ind2=" ">
         <subfield code="a">Wien</subfield>
         <subfield code="0">places/3900059</subfield>
      </datafield>
      <datafield tag="680" ind1="1" ind2=" ">
         <subfield code="a">Die Bestände des Hausarchivs sind geteilt: Das Archivgut bis Ende 1954 befindet sich in Wien, wo die fürstliche Familie bis vor dem Zweiten Weltkrieg residierte. Das Archivgut ab 1955 ist auf Schloss Vaduz im Fürstentum Liechtenstein untergebracht.</subfield>
      </datafield>
   </record>