
   <record>
      <leader>00000nz  a2200000nc 4500</leader>
      <controlfield tag="001">institutions/30000398</controlfield>
      <controlfield tag="003">DE-633</controlfield>
      <controlfield tag="005">20250704163250.0</controlfield>
      <controlfield tag="008">161109||||z|||a|||||||||||||||||n||||||d</controlfield>
      <datafield tag="024" ind1="7" ind2=" ">
         <subfield code="a">AT-OeNB-MUS</subfield>
         <subfield code="2">ISIL</subfield>
      </datafield>
      <datafield tag="024" ind1="7" ind2=" ">
         <subfield code="a">128727767</subfield>
         <subfield code="2">VIAF</subfield>
      </datafield>
      <datafield tag="024" ind1="7" ind2=" ">
         <subfield code="a">Q304037</subfield>
         <subfield code="2">WKP</subfield>
      </datafield>
      <datafield tag="024" ind1="7" ind2=" ">
         <subfield code="a">A-Wn</subfield>
         <subfield code="q">siglum</subfield>
         <subfield code="2">rism</subfield>
      </datafield>
      <datafield tag="034" ind1="1" ind2=" ">
         <subfield code="d">16.365778753018184</subfield>
         <subfield code="f">48.20949284116171</subfield>
      </datafield>
      <datafield tag="040" ind1=" " ind2=" ">
         <subfield code="a">DE-633</subfield>
         <subfield code="c">DE-633</subfield>
         <subfield code="e">rismg</subfield>
      </datafield>
      <datafield tag="043" ind1=" " ind2=" ">
         <subfield code="c">XA-AT</subfield>
      </datafield>
      <datafield tag="110" ind1="1" ind2=" ">
         <subfield code="a">Österreichische Nationalbibliothek, Musiksammlung</subfield>
         <subfield code="c">Wien</subfield>
         <subfield code="g">A-Wn</subfield>
      </datafield>
      <datafield tag="368" ind1=" " ind2=" ">
         <subfield code="a">Institution</subfield>
         <subfield code="a">Library</subfield>
      </datafield>
      <datafield tag="371" ind1=" " ind2=" ">
         <subfield code="a">Zugang: Palais Mollard, Herrengasse 9</subfield>
         <subfield code="b">1010 Wien</subfield>
         <subfield code="d">Austria</subfield>
         <subfield code="m">musiksammlung@onb.ac.at</subfield>
         <subfield code="u">https://www.onb.ac.at/</subfield>
         <subfield code="u">https://www.onb.ac.at/bibliothek/sammlungen/musik</subfield>
         <subfield code="z">tel: +43 / (0)1 / 534 10-305</subfield>
      </datafield>
      <datafield tag="410" ind1=" " ind2=" ">
         <subfield code="a">K. K. Hofbibliothek</subfield>
      </datafield>
      <datafield tag="551" ind1="1" ind2=" ">
         <subfield code="a">Wien</subfield>
         <subfield code="0">places/3900059</subfield>
      </datafield>
      <datafield tag="667" ind1=" " ind2=" ">
         <subfield code="a">Published sources: 55861</subfield>
      </datafield>
   </record>