
   <record>
      <leader>00000nz  a2200000nc 4500</leader>
      <controlfield tag="001">institutions/51005994</controlfield>
      <controlfield tag="003">DE-633</controlfield>
      <controlfield tag="005">20250620052305.0</controlfield>
      <controlfield tag="008">220103||||z|||a|||||||||||||||||n||||||d</controlfield>
      <datafield tag="024" ind1="7" ind2=" ">
         <subfield code="a">Q304037</subfield>
         <subfield code="2">WKP</subfield>
      </datafield>
      <datafield tag="024" ind1="7" ind2=" ">
         <subfield code="a">A-Wnbg</subfield>
         <subfield code="q">siglum</subfield>
         <subfield code="2">rism</subfield>
      </datafield>
      <datafield tag="034" ind1="1" ind2=" ">
         <subfield code="d">16.36689529789687</subfield>
         <subfield code="f">48.206239428497405</subfield>
      </datafield>
      <datafield tag="040" ind1=" " ind2=" ">
         <subfield code="a">DE-633</subfield>
         <subfield code="c">DE-633</subfield>
         <subfield code="e">rismg</subfield>
      </datafield>
      <datafield tag="043" ind1=" " ind2=" ">
         <subfield code="c">XA-AT</subfield>
      </datafield>
      <datafield tag="110" ind1="1" ind2=" ">
         <subfield code="a">Österreichische Nationalbibliothek, Bildarchiv und Graphiksammlung</subfield>
         <subfield code="c">Wien</subfield>
         <subfield code="g">A-Wnbg</subfield>
      </datafield>
      <datafield tag="368" ind1=" " ind2=" ">
         <subfield code="a">Institution</subfield>
         <subfield code="a">Library</subfield>
         <subfield code="a">Archive</subfield>
      </datafield>
      <datafield tag="371" ind1=" " ind2=" ">
         <subfield code="a">Josefsplatz 1</subfield>
         <subfield code="a">Postfach 25</subfield>
         <subfield code="a">Zugang: Heldenplatz</subfield>
         <subfield code="b">Wien</subfield>
         <subfield code="d">Austria</subfield>
         <subfield code="e">1015</subfield>
         <subfield code="m">bildarchiv@onb.ac.at</subfield>
         <subfield code="u">https://www.onb.ac.at/bibliothek/sammlungen/bilder-und-grafiken</subfield>
      </datafield>
      <datafield tag="551" ind1="1" ind2=" ">
         <subfield code="a">Wien</subfield>
         <subfield code="0">places/3900059</subfield>
      </datafield>
   </record>