
   <record>
      <leader>00000nz  a2200000nc 4500</leader>
      <controlfield tag="001">institutions/30003229</controlfield>
      <controlfield tag="003">DE-633</controlfield>
      <controlfield tag="005">20250620052019.0</controlfield>
      <controlfield tag="008">161109||||z|||a|||||||||||||||||n||||||d</controlfield>
      <datafield tag="024" ind1="7" ind2=" ">
         <subfield code="a">AT-WSTLA</subfield>
         <subfield code="2">ISIL</subfield>
      </datafield>
      <datafield tag="024" ind1="7" ind2=" ">
         <subfield code="a">A-Wsa</subfield>
         <subfield code="q">siglum</subfield>
         <subfield code="2">rism</subfield>
      </datafield>
      <datafield tag="034" ind1="1" ind2=" ">
         <subfield code="d">16.4215429</subfield>
         <subfield code="f">48.1848606</subfield>
      </datafield>
      <datafield tag="040" ind1=" " ind2=" ">
         <subfield code="a">DE-633</subfield>
         <subfield code="c">DE-633</subfield>
         <subfield code="e">rismg</subfield>
      </datafield>
      <datafield tag="043" ind1=" " ind2=" ">
         <subfield code="c">XA-AT</subfield>
      </datafield>
      <datafield tag="110" ind1="1" ind2=" ">
         <subfield code="a">Wiener Stadt- und Landesarchiv</subfield>
         <subfield code="c">Wien</subfield>
         <subfield code="g">A-Wsa</subfield>
      </datafield>
      <datafield tag="368" ind1=" " ind2=" ">
         <subfield code="a">Institution</subfield>
         <subfield code="a">Library</subfield>
      </datafield>
      <datafield tag="371" ind1=" " ind2=" ">
         <subfield code="a">Gasometer D</subfield>
         <subfield code="a">Guglgasse 14</subfield>
         <subfield code="b">1110 Wien</subfield>
         <subfield code="d">Austria</subfield>
         <subfield code="m">post@archiv.wien.gv.at</subfield>
         <subfield code="u">http://www.wien.gv.at/kultur/archiv/</subfield>
      </datafield>
      <datafield tag="551" ind1="1" ind2=" ">
         <subfield code="a">Wien</subfield>
         <subfield code="0">places/3900059</subfield>
      </datafield>
      <datafield tag="670" ind1="1" ind2=" ">
         <subfield code="a">ŽáčkováRossiV 2016</subfield>
         <subfield code="0">publications/41001063</subfield>
      </datafield>
   </record>