
   <record>
      <leader>00000nz  a2200000nc 4500</leader>
      <controlfield tag="001">institutions/30000408</controlfield>
      <controlfield tag="003">DE-633</controlfield>
      <controlfield tag="005">20250723115820.0</controlfield>
      <controlfield tag="008">161109||||z|||a|||||||||||||||||n||||||d</controlfield>
      <datafield tag="024" ind1="7" ind2=" ">
         <subfield code="a">A-Wu</subfield>
         <subfield code="q">siglum</subfield>
         <subfield code="2">rism</subfield>
      </datafield>
      <datafield tag="040" ind1=" " ind2=" ">
         <subfield code="a">DE-633</subfield>
         <subfield code="c">DE-633</subfield>
         <subfield code="e">rismg</subfield>
      </datafield>
      <datafield tag="043" ind1=" " ind2=" ">
         <subfield code="c">XA-AT</subfield>
      </datafield>
      <datafield tag="110" ind1="1" ind2=" ">
         <subfield code="a">Universitätsbibliothek</subfield>
         <subfield code="b">Hauptbibliothek</subfield>
         <subfield code="c">Wien</subfield>
         <subfield code="g">A-Wu</subfield>
      </datafield>
      <datafield tag="368" ind1=" " ind2=" ">
         <subfield code="a">Institution</subfield>
      </datafield>
      <datafield tag="368" ind1=" " ind2=" ">
         <subfield code="a">Library</subfield>
      </datafield>
      <datafield tag="371" ind1=" " ind2=" ">
         <subfield code="a">Universitätsring 1</subfield>
         <subfield code="b">Wien</subfield>
         <subfield code="c">Wien</subfield>
         <subfield code="d">Austria</subfield>
         <subfield code="e">1010</subfield>
         <subfield code="m">helpdesk.ub@univie.ac.at</subfield>
         <subfield code="u">http://bibliothek.univie.ac.at/</subfield>
      </datafield>
      <datafield tag="551" ind1="1" ind2=" ">
         <subfield code="a">Wien</subfield>
         <subfield code="0">places/3900059</subfield>
      </datafield>
      <datafield tag="667" ind1=" " ind2=" ">
         <subfield code="a">Published sources: 30</subfield>
      </datafield>
   </record>